%YAML 1.1
%TAG !u! tag:unity3d.com,2011:
--- !u!1 &857934091565416788
GameObject:
  m_ObjectHideFlags: 0
  m_CorrespondingSourceObject: {fileID: 0}
  m_PrefabInstance: {fileID: 0}
  m_PrefabAsset: {fileID: 0}
  serializedVersion: 6
  m_Component:
  - component: {fileID: 3449142584779075834}
  - component: {fileID: 2686977424710079655}
  - component: {fileID: 454113925095070758}
  - component: {fileID: 980504139884342761}
  - component: {fileID: 8262951500838363723}
  m_Layer: 0
  m_Name: Player
  m_TagString: Untagged
  m_Icon: {fileID: 0}
  m_NavMeshLayer: 0
  m_StaticEditorFlags: 0
  m_IsActive: 1
--- !u!4 &3449142584779075834
Transform:
  m_ObjectHideFlags: 0
  m_CorrespondingSourceObject: {fileID: 0}
  m_PrefabInstance: {fileID: 0}
  m_PrefabAsset: {fileID: 0}
  m_GameObject: {fileID: 857934091565416788}
  m_LocalRotation: {x: 0, y: 0, z: 0, w: 1}
  m_LocalPosition: {x: 0, y: 0, z: 2.11}
  m_LocalScale: {x: 1, y: 1, z: 1}
  m_Children:
  - {fileID: 3233338251956552747}
  m_Father: {fileID: 0}
  m_RootOrder: 0
  m_LocalEulerAnglesHint: {x: 0, y: 0, z: 0}
--- !u!33 &2686977424710079655
MeshFilter:
  m_ObjectHideFlags: 0
  m_CorrespondingSourceObject: {fileID: 0}
  m_PrefabInstance: {fileID: 0}
  m_PrefabAsset: {fileID: 0}
  m_GameObject: {fileID: 857934091565416788}
  m_Mesh: {fileID: 10208, guid: 0000000000000000e000000000000000, type: 0}
--- !u!23 &454113925095070758
MeshRenderer:
  m_ObjectHideFlags: 0
  m_CorrespondingSourceObject: {fileID: 0}
  m_PrefabInstance: {fileID: 0}
  m_PrefabAsset: {fileID: 0}
  m_GameObject: {fileID: 857934091565416788}
  m_Enabled: 1
  m_CastShadows: 1
  m_ReceiveShadows: 1
  m_DynamicOccludee: 1
  m_MotionVectors: 1
  m_LightProbeUsage: 1
  m_ReflectionProbeUsage: 1
  m_RayTracingMode: 2
  m_RenderingLayerMask: 1
  m_RendererPriority: 0
  m_Materials:
  - {fileID: 2100000, guid: 97085c2e63142b748b5044dcccd2ab7b, type: 2}
  m_StaticBatchInfo:
    firstSubMesh: 0
    subMeshCount: 0
  m_StaticBatchRoot: {fileID: 0}
  m_ProbeAnchor: {fileID: 0}
  m_LightProbeVolumeOverride: {fileID: 0}
  m_ScaleInLightmap: 1
  m_ReceiveGI: 1
  m_PreserveUVs: 0
  m_IgnoreNormalsForChartDetection: 0
  m_ImportantGI: 0
  m_StitchLightmapSeams: 1
  m_SelectedEditorRenderState: 3
  m_MinimumChartSize: 4
  m_AutoUVMaxDistance: 0.5
  m_AutoUVMaxAngle: 89
  m_LightmapParameters: {fileID: 0}
  m_SortingLayerID: 0
  m_SortingLayer: 0
  m_SortingOrder: 0
--- !u!136 &980504139884342761
CapsuleCollider:
  m_ObjectHideFlags: 0
  m_CorrespondingSourceObject: {fileID: 0}
  m_PrefabInstance: {fileID: 0}
  m_PrefabAsset: {fileID: 0}
  m_GameObject: {fileID: 857934091565416788}
  m_Material: {fileID: 0}
  m_IsTrigger: 0
  m_Enabled: 1
  m_Radius: 0.5
  m_Height: 2
  m_Direction: 1
  m_Center: {x: 0, y: 0, z: 0}
--- !u!114 &8262951500838363723
MonoBehaviour:
  m_ObjectHideFlags: 0
  m_CorrespondingSourceObject: {fileID: 0}
  m_PrefabInstance: {fileID: 0}
  m_PrefabAsset: {fileID: 0}
  m_GameObject: {fileID: 857934091565416788}
  m_Enabled: 1
  m_EditorHideFlags: 0
  m_Script: {fileID: 11500000, guid: 1401b45d342ece742bf2b86607905774, type: 3}
  m_Name: 
  m_EditorClassIdentifier: 
  mRootPoint: {fileID: 8889979024838648710}
  mRotateAmount: {x: 0, y: 120, z: 0}
--- !u!1 &8889979024838648710
GameObject:
  m_ObjectHideFlags: 0
  m_CorrespondingSourceObject: {fileID: 0}
  m_PrefabInstance: {fileID: 0}
  m_PrefabAsset: {fileID: 0}
  serializedVersion: 6
  m_Component:
  - component: {fileID: 3233338251956552747}
  m_Layer: 0
  m_Name: RootPoint
  m_TagString: Untagged
  m_Icon: {fileID: 0}
  m_NavMeshLayer: 0
  m_StaticEditorFlags: 0
  m_IsActive: 1
--- !u!4 &3233338251956552747
Transform:
  m_ObjectHideFlags: 0
  m_CorrespondingSourceObject: {fileID: 0}
  m_PrefabInstance: {fileID: 0}
  m_PrefabAsset: {fileID: 0}
  m_GameObject: {fileID: 8889979024838648710}
  m_LocalRotation: {x: 0, y: 0, z: 0, w: 1}
  m_LocalPosition: {x: 0, y: 0, z: 0}
  m_LocalScale: {x: 1, y: 1, z: 1}
  m_Children:
  - {fileID: 8541868392345443160}
  - {fileID: 5177754654085123838}
  - {fileID: 8845747628130552153}
  m_Father: {fileID: 3449142584779075834}
  m_RootOrder: 0
  m_LocalEulerAnglesHint: {x: 0, y: 0, z: 0}
--- !u!1001 &2448956437430545449
PrefabInstance:
  m_ObjectHideFlags: 0
  serializedVersion: 2
  m_Modification:
    m_TransformParent: {fileID: 3233338251956552747}
    m_Modifications:
    - target: {fileID: 6574719436527101296, guid: 96b621c53a478bd4b81c3a02231f7585,
        type: 3}
      propertyPath: m_LocalPosition.x
      value: 2.02
      objectReference: {fileID: 0}
    - target: {fileID: 6574719436527101296, guid: 96b621c53a478bd4b81c3a02231f7585,
        type: 3}
      propertyPath: m_LocalPosition.y
      value: 0
      objectReference: {fileID: 0}
    - target: {fileID: 6574719436527101296, guid: 96b621c53a478bd4b81c3a02231f7585,
        type: 3}
      propertyPath: m_LocalPosition.z
      value: -1.08
      objectReference: {fileID: 0}
    - target: {fileID: 6574719436527101296, guid: 96b621c53a478bd4b81c3a02231f7585,
        type: 3}
      propertyPath: m_LocalRotation.x
      value: -0
      objectReference: {fileID: 0}
    - target: {fileID: 6574719436527101296, guid: 96b621c53a478bd4b81c3a02231f7585,
        type: 3}
      propertyPath: m_LocalRotation.y
      value: -0
      objectReference: {fileID: 0}
    - target: {fileID: 6574719436527101296, guid: 96b621c53a478bd4b81c3a02231f7585,
        type: 3}
      propertyPath: m_LocalRotation.z
      value: -0
      objectReference: {fileID: 0}
    - target: {fileID: 6574719436527101296, guid: 96b621c53a478bd4b81c3a02231f7585,
        type: 3}
      propertyPath: m_LocalRotation.w
      value: 1
      objectReference: {fileID: 0}
    - target: {fileID: 6574719436527101296, guid: 96b621c53a478bd4b81c3a02231f7585,
        type: 3}
      propertyPath: m_RootOrder
      value: 2
      objectReference: {fileID: 0}
    - target: {fileID: 6574719436527101296, guid: 96b621c53a478bd4b81c3a02231f7585,
        type: 3}
      propertyPath: m_LocalEulerAnglesHint.x
      value: 0
      objectReference: {fileID: 0}
    - target: {fileID: 6574719436527101296, guid: 96b621c53a478bd4b81c3a02231f7585,
        type: 3}
      propertyPath: m_LocalEulerAnglesHint.y
      value: 0
      objectReference: {fileID: 0}
    - target: {fileID: 6574719436527101296, guid: 96b621c53a478bd4b81c3a02231f7585,
        type: 3}
      propertyPath: m_LocalEulerAnglesHint.z
      value: 0
      objectReference: {fileID: 0}
    - target: {fileID: 9060342280188242002, guid: 96b621c53a478bd4b81c3a02231f7585,
        type: 3}
      propertyPath: m_Materials.Array.data[0]
      value: 
      objectReference: {fileID: 2100000, guid: 39f81784c2c7b7e46950053a9adabb93, type: 2}
    - target: {fileID: 9148740815721081562, guid: 96b621c53a478bd4b81c3a02231f7585,
        type: 3}
      propertyPath: m_Name
      value: Cylinder
      objectReference: {fileID: 0}
    m_RemovedComponents: []
  m_SourcePrefab: {fileID: 100100000, guid: 96b621c53a478bd4b81c3a02231f7585, type: 3}
--- !u!4 &8845747628130552153 stripped
Transform:
  m_CorrespondingSourceObject: {fileID: 6574719436527101296, guid: 96b621c53a478bd4b81c3a02231f7585,
    type: 3}
  m_PrefabInstance: {fileID: 2448956437430545449}
  m_PrefabAsset: {fileID: 0}
--- !u!1001 &3648078321515840494
PrefabInstance:
  m_ObjectHideFlags: 0
  serializedVersion: 2
  m_Modification:
    m_TransformParent: {fileID: 3233338251956552747}
    m_Modifications:
    - target: {fileID: 4088699164652434053, guid: d1624e1219694aa4994ad871d3bf0fe4,
        type: 3}
      propertyPath: m_Name
      value: Cube
      objectReference: {fileID: 0}
    - target: {fileID: 4911813026524584118, guid: d1624e1219694aa4994ad871d3bf0fe4,
        type: 3}
      propertyPath: m_LocalPosition.x
      value: 0
      objectReference: {fileID: 0}
    - target: {fileID: 4911813026524584118, guid: d1624e1219694aa4994ad871d3bf0fe4,
        type: 3}
      propertyPath: m_LocalPosition.y
      value: 0
      objectReference: {fileID: 0}
    - target: {fileID: 4911813026524584118, guid: d1624e1219694aa4994ad871d3bf0fe4,
        type: 3}
      propertyPath: m_LocalPosition.z
      value: 2.11
      objectReference: {fileID: 0}
    - target: {fileID: 4911813026524584118, guid: d1624e1219694aa4994ad871d3bf0fe4,
        type: 3}
      propertyPath: m_LocalRotation.x
      value: -0
      objectReference: {fileID: 0}
    - target: {fileID: 4911813026524584118, guid: d1624e1219694aa4994ad871d3bf0fe4,
        type: 3}
      propertyPath: m_LocalRotation.y
      value: -0
      objectReference: {fileID: 0}
    - target: {fileID: 4911813026524584118, guid: d1624e1219694aa4994ad871d3bf0fe4,
        type: 3}
      propertyPath: m_LocalRotation.z
      value: -0
      objectReference: {fileID: 0}
    - target: {fileID: 4911813026524584118, guid: d1624e1219694aa4994ad871d3bf0fe4,
        type: 3}
      propertyPath: m_LocalRotation.w
      value: 1
      objectReference: {fileID: 0}
    - target: {fileID: 4911813026524584118, guid: d1624e1219694aa4994ad871d3bf0fe4,
        type: 3}
      propertyPath: m_RootOrder
      value: 0
      objectReference: {fileID: 0}
    - target: {fileID: 4911813026524584118, guid: d1624e1219694aa4994ad871d3bf0fe4,
        type: 3}
      propertyPath: m_LocalEulerAnglesHint.x
      value: 0
      objectReference: {fileID: 0}
    - target: {fileID: 4911813026524584118, guid: d1624e1219694aa4994ad871d3bf0fe4,
        type: 3}
      propertyPath: m_LocalEulerAnglesHint.y
      value: 0
      objectReference: {fileID: 0}
    - target: {fileID: 4911813026524584118, guid: d1624e1219694aa4994ad871d3bf0fe4,
        type: 3}
      propertyPath: m_LocalEulerAnglesHint.z
      value: 0
      objectReference: {fileID: 0}
    - target: {fileID: 7912670324796447451, guid: d1624e1219694aa4994ad871d3bf0fe4,
        type: 3}
      propertyPath: m_Materials.Array.data[0]
      value: 
      objectReference: {fileID: 2100000, guid: fb45135992d877b4faa36ea1ab0f7930, type: 2}
    m_RemovedComponents: []
  m_SourcePrefab: {fileID: 100100000, guid: d1624e1219694aa4994ad871d3bf0fe4, type: 3}
--- !u!4 &8541868392345443160 stripped
Transform:
  m_CorrespondingSourceObject: {fileID: 4911813026524584118, guid: d1624e1219694aa4994ad871d3bf0fe4,
    type: 3}
  m_PrefabInstance: {fileID: 3648078321515840494}
  m_PrefabAsset: {fileID: 0}
--- !u!1001 &6530181628644608263
PrefabInstance:
  m_ObjectHideFlags: 0
  serializedVersion: 2
  m_Modification:
    m_TransformParent: {fileID: 3233338251956552747}
    m_Modifications:
    - target: {fileID: 390201606316400293, guid: facea1c3f7b3d124081bffebf63548d9,
        type: 3}
      propertyPath: m_Materials.Array.data[0]
      value: 
      objectReference: {fileID: 2100000, guid: bd9d5f55f0076f04d8c2e0cf07e83e34, type: 2}
    - target: {fileID: 2109032605607938041, guid: facea1c3f7b3d124081bffebf63548d9,
        type: 3}
      propertyPath: m_LocalPosition.x
      value: -2
      objectReference: {fileID: 0}
    - target: {fileID: 2109032605607938041, guid: facea1c3f7b3d124081bffebf63548d9,
        type: 3}
      propertyPath: m_LocalPosition.y
      value: 0
      objectReference: {fileID: 0}
    - target: {fileID: 2109032605607938041, guid: facea1c3f7b3d124081bffebf63548d9,
        type: 3}
      propertyPath: m_LocalPosition.z
      value: -1.15
      objectReference: {fileID: 0}
    - target: {fileID: 2109032605607938041, guid: facea1c3f7b3d124081bffebf63548d9,
        type: 3}
      propertyPath: m_LocalRotation.x
      value: -0
      objectReference: {fileID: 0}
    - target: {fileID: 2109032605607938041, guid: facea1c3f7b3d124081bffebf63548d9,
        type: 3}
      propertyPath: m_LocalRotation.y
      value: -0
      objectReference: {fileID: 0}
    - target: {fileID: 2109032605607938041, guid: facea1c3f7b3d124081bffebf63548d9,
        type: 3}
      propertyPath: m_LocalRotation.z
      value: -0
      objectReference: {fileID: 0}
    - target: {fileID: 2109032605607938041, guid: facea1c3f7b3d124081bffebf63548d9,
        type: 3}
      propertyPath: m_LocalRotation.w
      value: 1
      objectReference: {fileID: 0}
    - target: {fileID: 2109032605607938041, guid: facea1c3f7b3d124081bffebf63548d9,
        type: 3}
      propertyPath: m_RootOrder
      value: 1
      objectReference: {fileID: 0}
    - target: {fileID: 2109032605607938041, guid: facea1c3f7b3d124081bffebf63548d9,
        type: 3}
      propertyPath: m_LocalEulerAnglesHint.x
      value: 0
      objectReference: {fileID: 0}
    - target: {fileID: 2109032605607938041, guid: facea1c3f7b3d124081bffebf63548d9,
        type: 3}
      propertyPath: m_LocalEulerAnglesHint.y
      value: 0
      objectReference: {fileID: 0}
    - target: {fileID: 2109032605607938041, guid: facea1c3f7b3d124081bffebf63548d9,
        type: 3}
      propertyPath: m_LocalEulerAnglesHint.z
      value: 0
      objectReference: {fileID: 0}
    - target: {fileID: 6406798719561173140, guid: facea1c3f7b3d124081bffebf63548d9,
        type: 3}
      propertyPath: m_Name
      value: Sphere
      objectReference: {fileID: 0}
    m_RemovedComponents: []
  m_SourcePrefab: {fileID: 100100000, guid: facea1c3f7b3d124081bffebf63548d9, type: 3}
--- !u!4 &5177754654085123838 stripped
Transform:
  m_CorrespondingSourceObject: {fileID: 2109032605607938041, guid: facea1c3f7b3d124081bffebf63548d9,
    type: 3}
  m_PrefabInstance: {fileID: 6530181628644608263}
  m_PrefabAsset: {fileID: 0}
