%YAML 1.1
%TAG !u! tag:unity3d.com,2011:
--- !u!1 &187351422838061001
GameObject:
  m_ObjectHideFlags: 0
  m_CorrespondingSourceObject: {fileID: 0}
  m_PrefabInstance: {fileID: 0}
  m_PrefabAsset: {fileID: 0}
  serializedVersion: 6
  m_Component:
  - component: {fileID: 187351422838061045}
  - component: {fileID: 187351422838061002}
  - component: {fileID: 187351422838061003}
  - component: {fileID: 187351422838061000}
  m_Layer: 5
  m_Name: GUICanvas
  m_TagString: Untagged
  m_Icon: {fileID: 0}
  m_NavMeshLayer: 0
  m_StaticEditorFlags: 0
  m_IsActive: 1
--- !u!224 &187351422838061045
RectTransform:
  m_ObjectHideFlags: 0
  m_CorrespondingSourceObject: {fileID: 0}
  m_PrefabInstance: {fileID: 0}
  m_PrefabAsset: {fileID: 0}
  m_GameObject: {fileID: 187351422838061001}
  m_LocalRotation: {x: 0, y: 0, z: 0, w: 1}
  m_LocalPosition: {x: 0, y: 0, z: 0}
  m_LocalScale: {x: 0, y: 0, z: 0}
  m_Children:
  - {fileID: 8246621578189457528}
  - {fileID: 3611785120176946009}
  m_Father: {fileID: 0}
  m_RootOrder: 0
  m_LocalEulerAnglesHint: {x: 0, y: 0, z: 0}
  m_AnchorMin: {x: 0, y: 0}
  m_AnchorMax: {x: 0, y: 0}
  m_AnchoredPosition: {x: 0, y: 0}
  m_SizeDelta: {x: 0, y: 0}
  m_Pivot: {x: 0, y: 0}
--- !u!223 &187351422838061002
Canvas:
  m_ObjectHideFlags: 0
  m_CorrespondingSourceObject: {fileID: 0}
  m_PrefabInstance: {fileID: 0}
  m_PrefabAsset: {fileID: 0}
  m_GameObject: {fileID: 187351422838061001}
  m_Enabled: 1
  serializedVersion: 3
  m_RenderMode: 0
  m_Camera: {fileID: 0}
  m_PlaneDistance: 100
  m_PixelPerfect: 0
  m_ReceivesEvents: 1
  m_OverrideSorting: 0
  m_OverridePixelPerfect: 0
  m_SortingBucketNormalizedSize: 0
  m_AdditionalShaderChannelsFlag: 0
  m_SortingLayerID: 0
  m_SortingOrder: 0
  m_TargetDisplay: 0
--- !u!114 &187351422838061003
MonoBehaviour:
  m_ObjectHideFlags: 0
  m_CorrespondingSourceObject: {fileID: 0}
  m_PrefabInstance: {fileID: 0}
  m_PrefabAsset: {fileID: 0}
  m_GameObject: {fileID: 187351422838061001}
  m_Enabled: 1
  m_EditorHideFlags: 0
  m_Script: {fileID: 11500000, guid: 0cd44c1031e13a943bb63640046fad76, type: 3}
  m_Name: 
  m_EditorClassIdentifier: 
  m_UiScaleMode: 1
  m_ReferencePixelsPerUnit: 100
  m_ScaleFactor: 1
  m_ReferenceResolution: {x: 640, y: 900}
  m_ScreenMatchMode: 0
  m_MatchWidthOrHeight: 0
  m_PhysicalUnit: 3
  m_FallbackScreenDPI: 96
  m_DefaultSpriteDPI: 96
  m_DynamicPixelsPerUnit: 1
--- !u!114 &187351422838061000
MonoBehaviour:
  m_ObjectHideFlags: 0
  m_CorrespondingSourceObject: {fileID: 0}
  m_PrefabInstance: {fileID: 0}
  m_PrefabAsset: {fileID: 0}
  m_GameObject: {fileID: 187351422838061001}
  m_Enabled: 1
  m_EditorHideFlags: 0
  m_Script: {fileID: 11500000, guid: dc42784cf147c0c48a680349fa168899, type: 3}
  m_Name: 
  m_EditorClassIdentifier: 
  m_IgnoreReversedGraphics: 1
  m_BlockingObjects: 0
  m_BlockingMask:
    serializedVersion: 2
    m_Bits: 4294967295
--- !u!1001 &187351421675924030
PrefabInstance:
  m_ObjectHideFlags: 0
  serializedVersion: 2
  m_Modification:
    m_TransformParent: {fileID: 187351422838061045}
    m_Modifications:
    - target: {fileID: 8135886326569738822, guid: 56fae09712773584fb63896d473a98ee,
        type: 3}
      propertyPath: m_LocalPosition.x
      value: 0
      objectReference: {fileID: 0}
    - target: {fileID: 8135886326569738822, guid: 56fae09712773584fb63896d473a98ee,
        type: 3}
      propertyPath: m_LocalPosition.y
      value: 0
      objectReference: {fileID: 0}
    - target: {fileID: 8135886326569738822, guid: 56fae09712773584fb63896d473a98ee,
        type: 3}
      propertyPath: m_LocalPosition.z
      value: 0
      objectReference: {fileID: 0}
    - target: {fileID: 8135886326569738822, guid: 56fae09712773584fb63896d473a98ee,
        type: 3}
      propertyPath: m_LocalRotation.x
      value: -0
      objectReference: {fileID: 0}
    - target: {fileID: 8135886326569738822, guid: 56fae09712773584fb63896d473a98ee,
        type: 3}
      propertyPath: m_LocalRotation.y
      value: -0
      objectReference: {fileID: 0}
    - target: {fileID: 8135886326569738822, guid: 56fae09712773584fb63896d473a98ee,
        type: 3}
      propertyPath: m_LocalRotation.z
      value: -0
      objectReference: {fileID: 0}
    - target: {fileID: 8135886326569738822, guid: 56fae09712773584fb63896d473a98ee,
        type: 3}
      propertyPath: m_LocalRotation.w
      value: 1
      objectReference: {fileID: 0}
    - target: {fileID: 8135886326569738822, guid: 56fae09712773584fb63896d473a98ee,
        type: 3}
      propertyPath: m_RootOrder
      value: 0
      objectReference: {fileID: 0}
    - target: {fileID: 8135886326569738822, guid: 56fae09712773584fb63896d473a98ee,
        type: 3}
      propertyPath: m_LocalEulerAnglesHint.x
      value: 0
      objectReference: {fileID: 0}
    - target: {fileID: 8135886326569738822, guid: 56fae09712773584fb63896d473a98ee,
        type: 3}
      propertyPath: m_LocalEulerAnglesHint.y
      value: 0
      objectReference: {fileID: 0}
    - target: {fileID: 8135886326569738822, guid: 56fae09712773584fb63896d473a98ee,
        type: 3}
      propertyPath: m_LocalEulerAnglesHint.z
      value: 0
      objectReference: {fileID: 0}
    - target: {fileID: 8135886326569738822, guid: 56fae09712773584fb63896d473a98ee,
        type: 3}
      propertyPath: m_AnchoredPosition.x
      value: 0
      objectReference: {fileID: 0}
    - target: {fileID: 8135886326569738822, guid: 56fae09712773584fb63896d473a98ee,
        type: 3}
      propertyPath: m_AnchoredPosition.y
      value: 0
      objectReference: {fileID: 0}
    - target: {fileID: 8135886326569738822, guid: 56fae09712773584fb63896d473a98ee,
        type: 3}
      propertyPath: m_SizeDelta.x
      value: 0
      objectReference: {fileID: 0}
    - target: {fileID: 8135886326569738822, guid: 56fae09712773584fb63896d473a98ee,
        type: 3}
      propertyPath: m_SizeDelta.y
      value: 0
      objectReference: {fileID: 0}
    - target: {fileID: 8135886326569738822, guid: 56fae09712773584fb63896d473a98ee,
        type: 3}
      propertyPath: m_AnchorMin.x
      value: 0
      objectReference: {fileID: 0}
    - target: {fileID: 8135886326569738822, guid: 56fae09712773584fb63896d473a98ee,
        type: 3}
      propertyPath: m_AnchorMin.y
      value: 0
      objectReference: {fileID: 0}
    - target: {fileID: 8135886326569738822, guid: 56fae09712773584fb63896d473a98ee,
        type: 3}
      propertyPath: m_AnchorMax.x
      value: 1
      objectReference: {fileID: 0}
    - target: {fileID: 8135886326569738822, guid: 56fae09712773584fb63896d473a98ee,
        type: 3}
      propertyPath: m_AnchorMax.y
      value: 1
      objectReference: {fileID: 0}
    - target: {fileID: 8135886326569738822, guid: 56fae09712773584fb63896d473a98ee,
        type: 3}
      propertyPath: m_Pivot.x
      value: 0
      objectReference: {fileID: 0}
    - target: {fileID: 8135886326569738822, guid: 56fae09712773584fb63896d473a98ee,
        type: 3}
      propertyPath: m_Pivot.y
      value: 0
      objectReference: {fileID: 0}
    - target: {fileID: 8135886326569738825, guid: 56fae09712773584fb63896d473a98ee,
        type: 3}
      propertyPath: m_Name
      value: Dynamic Joystick
      objectReference: {fileID: 0}
    - target: {fileID: 8135886327475159579, guid: 56fae09712773584fb63896d473a98ee,
        type: 3}
      propertyPath: m_LocalScale.x
      value: 0.5
      objectReference: {fileID: 0}
    - target: {fileID: 8135886327475159579, guid: 56fae09712773584fb63896d473a98ee,
        type: 3}
      propertyPath: m_LocalScale.y
      value: 0.5
      objectReference: {fileID: 0}
    m_RemovedComponents: []
  m_SourcePrefab: {fileID: 100100000, guid: 56fae09712773584fb63896d473a98ee, type: 3}
--- !u!224 &8246621578189457528 stripped
RectTransform:
  m_CorrespondingSourceObject: {fileID: 8135886326569738822, guid: 56fae09712773584fb63896d473a98ee,
    type: 3}
  m_PrefabInstance: {fileID: 187351421675924030}
  m_PrefabAsset: {fileID: 0}
--- !u!1001 &7988866152800754855
PrefabInstance:
  m_ObjectHideFlags: 0
  serializedVersion: 2
  m_Modification:
    m_TransformParent: {fileID: 187351422838061045}
    m_Modifications:
    - target: {fileID: -6825498012038066536, guid: 8cffcc3642b96744d9d57de0ee7fac7a,
        type: 3}
      propertyPath: mTargetGameObject
      value: 
      objectReference: {fileID: 0}
    - target: {fileID: 3574671927629037727, guid: 8cffcc3642b96744d9d57de0ee7fac7a,
        type: 3}
      propertyPath: m_Name
      value: HUDTarget
      objectReference: {fileID: 0}
    - target: {fileID: 6683768587165149182, guid: 8cffcc3642b96744d9d57de0ee7fac7a,
        type: 3}
      propertyPath: m_LocalPosition.x
      value: 0
      objectReference: {fileID: 0}
    - target: {fileID: 6683768587165149182, guid: 8cffcc3642b96744d9d57de0ee7fac7a,
        type: 3}
      propertyPath: m_LocalPosition.y
      value: 0
      objectReference: {fileID: 0}
    - target: {fileID: 6683768587165149182, guid: 8cffcc3642b96744d9d57de0ee7fac7a,
        type: 3}
      propertyPath: m_LocalPosition.z
      value: 0
      objectReference: {fileID: 0}
    - target: {fileID: 6683768587165149182, guid: 8cffcc3642b96744d9d57de0ee7fac7a,
        type: 3}
      propertyPath: m_LocalRotation.x
      value: 0
      objectReference: {fileID: 0}
    - target: {fileID: 6683768587165149182, guid: 8cffcc3642b96744d9d57de0ee7fac7a,
        type: 3}
      propertyPath: m_LocalRotation.y
      value: 0
      objectReference: {fileID: 0}
    - target: {fileID: 6683768587165149182, guid: 8cffcc3642b96744d9d57de0ee7fac7a,
        type: 3}
      propertyPath: m_LocalRotation.z
      value: 0
      objectReference: {fileID: 0}
    - target: {fileID: 6683768587165149182, guid: 8cffcc3642b96744d9d57de0ee7fac7a,
        type: 3}
      propertyPath: m_LocalRotation.w
      value: 1
      objectReference: {fileID: 0}
    - target: {fileID: 6683768587165149182, guid: 8cffcc3642b96744d9d57de0ee7fac7a,
        type: 3}
      propertyPath: m_RootOrder
      value: 1
      objectReference: {fileID: 0}
    - target: {fileID: 6683768587165149182, guid: 8cffcc3642b96744d9d57de0ee7fac7a,
        type: 3}
      propertyPath: m_LocalEulerAnglesHint.x
      value: 0
      objectReference: {fileID: 0}
    - target: {fileID: 6683768587165149182, guid: 8cffcc3642b96744d9d57de0ee7fac7a,
        type: 3}
      propertyPath: m_LocalEulerAnglesHint.y
      value: 0
      objectReference: {fileID: 0}
    - target: {fileID: 6683768587165149182, guid: 8cffcc3642b96744d9d57de0ee7fac7a,
        type: 3}
      propertyPath: m_LocalEulerAnglesHint.z
      value: 0
      objectReference: {fileID: 0}
    - target: {fileID: 6683768587165149182, guid: 8cffcc3642b96744d9d57de0ee7fac7a,
        type: 3}
      propertyPath: m_AnchoredPosition.x
      value: 0
      objectReference: {fileID: 0}
    - target: {fileID: 6683768587165149182, guid: 8cffcc3642b96744d9d57de0ee7fac7a,
        type: 3}
      propertyPath: m_AnchoredPosition.y
      value: 0
      objectReference: {fileID: 0}
    - target: {fileID: 6683768587165149182, guid: 8cffcc3642b96744d9d57de0ee7fac7a,
        type: 3}
      propertyPath: m_SizeDelta.x
      value: 100
      objectReference: {fileID: 0}
    - target: {fileID: 6683768587165149182, guid: 8cffcc3642b96744d9d57de0ee7fac7a,
        type: 3}
      propertyPath: m_SizeDelta.y
      value: 100
      objectReference: {fileID: 0}
    - target: {fileID: 6683768587165149182, guid: 8cffcc3642b96744d9d57de0ee7fac7a,
        type: 3}
      propertyPath: m_AnchorMin.x
      value: 0.5
      objectReference: {fileID: 0}
    - target: {fileID: 6683768587165149182, guid: 8cffcc3642b96744d9d57de0ee7fac7a,
        type: 3}
      propertyPath: m_AnchorMin.y
      value: 0.5
      objectReference: {fileID: 0}
    - target: {fileID: 6683768587165149182, guid: 8cffcc3642b96744d9d57de0ee7fac7a,
        type: 3}
      propertyPath: m_AnchorMax.x
      value: 0.5
      objectReference: {fileID: 0}
    - target: {fileID: 6683768587165149182, guid: 8cffcc3642b96744d9d57de0ee7fac7a,
        type: 3}
      propertyPath: m_AnchorMax.y
      value: 0.5
      objectReference: {fileID: 0}
    - target: {fileID: 6683768587165149182, guid: 8cffcc3642b96744d9d57de0ee7fac7a,
        type: 3}
      propertyPath: m_Pivot.x
      value: 0.5
      objectReference: {fileID: 0}
    - target: {fileID: 6683768587165149182, guid: 8cffcc3642b96744d9d57de0ee7fac7a,
        type: 3}
      propertyPath: m_Pivot.y
      value: 0.5
      objectReference: {fileID: 0}
    - target: {fileID: 8062782016732011540, guid: 8cffcc3642b96744d9d57de0ee7fac7a,
        type: 3}
      propertyPath: m_Sprite
      value: 
      objectReference: {fileID: 21300000, guid: 4ef8f7adcfff3f04283c543afcb84ec5,
        type: 3}
    m_RemovedComponents: []
  m_SourcePrefab: {fileID: 100100000, guid: 8cffcc3642b96744d9d57de0ee7fac7a, type: 3}
--- !u!224 &3611785120176946009 stripped
RectTransform:
  m_CorrespondingSourceObject: {fileID: 6683768587165149182, guid: 8cffcc3642b96744d9d57de0ee7fac7a,
    type: 3}
  m_PrefabInstance: {fileID: 7988866152800754855}
  m_PrefabAsset: {fileID: 0}
