%YAML 1.1
%TAG !u! tag:unity3d.com,2011:
--- !u!1 &4777756237541891261
GameObject:
  m_ObjectHideFlags: 0
  m_CorrespondingSourceObject: {fileID: 0}
  m_PrefabInstance: {fileID: 0}
  m_PrefabAsset: {fileID: 0}
  serializedVersion: 6
  m_Component:
  - component: {fileID: 8670271302073571276}
  m_Layer: 0
  m_Name: Exclamation
  m_TagString: Untagged
  m_Icon: {fileID: 0}
  m_NavMeshLayer: 0
  m_StaticEditorFlags: 0
  m_IsActive: 1
--- !u!4 &8670271302073571276
Transform:
  m_ObjectHideFlags: 0
  m_CorrespondingSourceObject: {fileID: 0}
  m_PrefabInstance: {fileID: 0}
  m_PrefabAsset: {fileID: 0}
  m_GameObject: {fileID: 4777756237541891261}
  m_LocalRotation: {x: 0, y: 0, z: 0, w: 1}
  m_LocalPosition: {x: 26.96, y: 1.45, z: 7.68}
  m_LocalScale: {x: 1, y: 1, z: 1}
  m_Children:
  - {fileID: 5072370427782914581}
  - {fileID: 5072370427898849075}
  m_Father: {fileID: 0}
  m_RootOrder: 0
  m_LocalEulerAnglesHint: {x: 0, y: 0, z: 0}
--- !u!1 &5072370427782915054
GameObject:
  m_ObjectHideFlags: 0
  m_CorrespondingSourceObject: {fileID: 0}
  m_PrefabInstance: {fileID: 0}
  m_PrefabAsset: {fileID: 0}
  serializedVersion: 6
  m_Component:
  - component: {fileID: 5072370427782914581}
  - component: {fileID: 5072370427782915050}
  - component: {fileID: 5072370427782915051}
  - component: {fileID: 5072370427782915048}
  m_Layer: 0
  m_Name: Cube
  m_TagString: Untagged
  m_Icon: {fileID: 0}
  m_NavMeshLayer: 0
  m_StaticEditorFlags: 0
  m_IsActive: 1
--- !u!4 &5072370427782914581
Transform:
  m_ObjectHideFlags: 0
  m_CorrespondingSourceObject: {fileID: 0}
  m_PrefabInstance: {fileID: 0}
  m_PrefabAsset: {fileID: 0}
  m_GameObject: {fileID: 5072370427782915054}
  m_LocalRotation: {x: -0, y: -0, z: -0, w: 1}
  m_LocalPosition: {x: -0.095998764, y: -0.31000006, z: 0.11500025}
  m_LocalScale: {x: 1, y: 1, z: 1}
  m_Children: []
  m_Father: {fileID: 8670271302073571276}
  m_RootOrder: 0
  m_LocalEulerAnglesHint: {x: 0, y: 0, z: 0}
--- !u!33 &5072370427782915050
MeshFilter:
  m_ObjectHideFlags: 0
  m_CorrespondingSourceObject: {fileID: 0}
  m_PrefabInstance: {fileID: 0}
  m_PrefabAsset: {fileID: 0}
  m_GameObject: {fileID: 5072370427782915054}
  m_Mesh: {fileID: 0}
--- !u!23 &5072370427782915051
MeshRenderer:
  m_ObjectHideFlags: 0
  m_CorrespondingSourceObject: {fileID: 0}
  m_PrefabInstance: {fileID: 0}
  m_PrefabAsset: {fileID: 0}
  m_GameObject: {fileID: 5072370427782915054}
  m_Enabled: 1
  m_CastShadows: 1
  m_ReceiveShadows: 1
  m_DynamicOccludee: 1
  m_MotionVectors: 1
  m_LightProbeUsage: 1
  m_ReflectionProbeUsage: 1
  m_RayTracingMode: 2
  m_RenderingLayerMask: 1
  m_RendererPriority: 0
  m_Materials:
  - {fileID: 2100000, guid: 4fcbc5ba75e2e424f89cd2b5f06a60a5, type: 2}
  m_StaticBatchInfo:
    firstSubMesh: 0
    subMeshCount: 0
  m_StaticBatchRoot: {fileID: 0}
  m_ProbeAnchor: {fileID: 0}
  m_LightProbeVolumeOverride: {fileID: 0}
  m_ScaleInLightmap: 1
  m_ReceiveGI: 1
  m_PreserveUVs: 0
  m_IgnoreNormalsForChartDetection: 0
  m_ImportantGI: 0
  m_StitchLightmapSeams: 1
  m_SelectedEditorRenderState: 2
  m_MinimumChartSize: 4
  m_AutoUVMaxDistance: 0.5
  m_AutoUVMaxAngle: 89
  m_LightmapParameters: {fileID: 0}
  m_SortingLayerID: 0
  m_SortingLayer: 0
  m_SortingOrder: 0
--- !u!114 &5072370427782915048
MonoBehaviour:
  m_ObjectHideFlags: 0
  m_CorrespondingSourceObject: {fileID: 0}
  m_PrefabInstance: {fileID: 0}
  m_PrefabAsset: {fileID: 0}
  m_GameObject: {fileID: 5072370427782915054}
  m_Enabled: 1
  m_EditorHideFlags: 0
  m_Script: {fileID: 11500000, guid: 8233d90336aea43098adf6dbabd606a2, type: 3}
  m_Name: 
  m_EditorClassIdentifier: 
  m_MeshFormatVersion: 1
  m_Faces:
  - m_Indexes: 000000000100000002000000010000000300000002000000
    m_SmoothingGroup: 0
    m_Uv:
      m_UseWorldSpace: 0
      m_FlipU: 0
      m_FlipV: 0
      m_SwapUV: 0
      m_Fill: 1
      m_Scale: {x: 1, y: 1}
      m_Offset: {x: 0, y: 0}
      m_Rotation: 0
      m_Anchor: 9
    m_Material: {fileID: 0}
    m_SubmeshIndex: 0
    m_ManualUV: 0
    elementGroup: -1
    m_TextureGroup: -1
  - m_Indexes: 040000000500000006000000050000000700000006000000
    m_SmoothingGroup: 0
    m_Uv:
      m_UseWorldSpace: 0
      m_FlipU: 0
      m_FlipV: 0
      m_SwapUV: 0
      m_Fill: 1
      m_Scale: {x: 1, y: 1}
      m_Offset: {x: 0, y: 0}
      m_Rotation: 0
      m_Anchor: 9
    m_Material: {fileID: 0}
    m_SubmeshIndex: 0
    m_ManualUV: 0
    elementGroup: -1
    m_TextureGroup: -1
  - m_Indexes: 08000000090000000a000000090000000b0000000a000000
    m_SmoothingGroup: 0
    m_Uv:
      m_UseWorldSpace: 0
      m_FlipU: 0
      m_FlipV: 0
      m_SwapUV: 0
      m_Fill: 1
      m_Scale: {x: 1, y: 1}
      m_Offset: {x: 0, y: 0}
      m_Rotation: 0
      m_Anchor: 9
    m_Material: {fileID: 0}
    m_SubmeshIndex: 0
    m_ManualUV: 0
    elementGroup: -1
    m_TextureGroup: -1
  - m_Indexes: 0c0000000d0000000e0000000d0000000f0000000e000000
    m_SmoothingGroup: 0
    m_Uv:
      m_UseWorldSpace: 0
      m_FlipU: 0
      m_FlipV: 0
      m_SwapUV: 0
      m_Fill: 1
      m_Scale: {x: 1, y: 1}
      m_Offset: {x: 0, y: 0}
      m_Rotation: 0
      m_Anchor: 9
    m_Material: {fileID: 0}
    m_SubmeshIndex: 0
    m_ManualUV: 0
    elementGroup: -1
    m_TextureGroup: -1
  - m_Indexes: 100000001100000012000000110000001300000012000000
    m_SmoothingGroup: 0
    m_Uv:
      m_UseWorldSpace: 0
      m_FlipU: 0
      m_FlipV: 0
      m_SwapUV: 0
      m_Fill: 1
      m_Scale: {x: 1, y: 1}
      m_Offset: {x: 0, y: 0}
      m_Rotation: 0
      m_Anchor: 9
    m_Material: {fileID: 0}
    m_SubmeshIndex: 0
    m_ManualUV: 0
    elementGroup: -1
    m_TextureGroup: -1
  - m_Indexes: 140000001500000016000000150000001700000016000000
    m_SmoothingGroup: 0
    m_Uv:
      m_UseWorldSpace: 0
      m_FlipU: 0
      m_FlipV: 0
      m_SwapUV: 0
      m_Fill: 1
      m_Scale: {x: 1, y: 1}
      m_Offset: {x: 0, y: 0}
      m_Rotation: 0
      m_Anchor: 9
    m_Material: {fileID: 0}
    m_SubmeshIndex: 0
    m_ManualUV: 0
    elementGroup: -1
    m_TextureGroup: -1
  m_SharedVertices:
  - m_Vertices: 000000000d00000016000000
  - m_Vertices: 010000000400000017000000
  - m_Vertices: 020000000f00000010000000
  - m_Vertices: 030000000600000011000000
  - m_Vertices: 050000000800000015000000
  - m_Vertices: 070000000a00000013000000
  - m_Vertices: 090000000c00000014000000
  - m_Vertices: 0b0000000e00000012000000
  m_SharedTextures: []
  m_Positions:
  - {x: -0.10000038, y: -0.100000024, z: 0.099999905}
  - {x: 0.09999962, y: -0.100000024, z: 0.099999905}
  - {x: -0.10000038, y: 0.09999998, z: 0.099999905}
  - {x: 0.09999962, y: 0.09999998, z: 0.099999905}
  - {x: 0.09999962, y: -0.100000024, z: 0.099999905}
  - {x: 0.09999962, y: -0.100000024, z: -0.1000001}
  - {x: 0.09999962, y: 0.09999998, z: 0.099999905}
  - {x: 0.09999962, y: 0.09999998, z: -0.1000001}
  - {x: 0.09999962, y: -0.100000024, z: -0.1000001}
  - {x: -0.10000038, y: -0.100000024, z: -0.1000001}
  - {x: 0.09999962, y: 0.09999998, z: -0.1000001}
  - {x: -0.10000038, y: 0.09999998, z: -0.1000001}
  - {x: -0.10000038, y: -0.100000024, z: -0.1000001}
  - {x: -0.10000038, y: -0.100000024, z: 0.099999905}
  - {x: -0.10000038, y: 0.09999998, z: -0.1000001}
  - {x: -0.10000038, y: 0.09999998, z: 0.099999905}
  - {x: -0.10000038, y: 0.09999998, z: 0.099999905}
  - {x: 0.09999962, y: 0.09999998, z: 0.099999905}
  - {x: -0.10000038, y: 0.09999998, z: -0.1000001}
  - {x: 0.09999962, y: 0.09999998, z: -0.1000001}
  - {x: -0.10000038, y: -0.100000024, z: -0.1000001}
  - {x: 0.09999962, y: -0.100000024, z: -0.1000001}
  - {x: -0.10000038, y: -0.100000024, z: 0.099999905}
  - {x: 0.09999962, y: -0.100000024, z: 0.099999905}
  m_Textures0:
  - {x: 0.10000038, y: -0.100000024}
  - {x: -0.09999962, y: -0.100000024}
  - {x: 0.10000038, y: 0.09999998}
  - {x: -0.09999962, y: 0.09999998}
  - {x: 0.099999905, y: -0.100000024}
  - {x: -0.1000001, y: -0.100000024}
  - {x: 0.099999905, y: 0.09999998}
  - {x: -0.1000001, y: 0.09999998}
  - {x: 0.09999962, y: -0.100000024}
  - {x: -0.10000038, y: -0.100000024}
  - {x: 0.09999962, y: 0.09999998}
  - {x: -0.10000038, y: 0.09999998}
  - {x: 0.1000001, y: -0.100000024}
  - {x: -0.099999905, y: -0.100000024}
  - {x: 0.1000001, y: 0.09999998}
  - {x: -0.099999905, y: 0.09999998}
  - {x: -0.10000038, y: 0.099999905}
  - {x: 0.09999962, y: 0.099999905}
  - {x: -0.10000038, y: -0.1000001}
  - {x: 0.09999962, y: -0.1000001}
  - {x: 0.10000038, y: -0.1000001}
  - {x: -0.09999962, y: -0.1000001}
  - {x: 0.10000038, y: 0.099999905}
  - {x: -0.09999962, y: 0.099999905}
  m_Textures2: []
  m_Textures3: []
  m_Tangents:
  - {x: -1, y: 0, z: 0, w: -1}
  - {x: -1, y: 0, z: 0, w: -1}
  - {x: -1, y: 0, z: 0, w: -1}
  - {x: -1, y: 0, z: 0, w: -1}
  - {x: 0, y: 0, z: 1, w: -1}
  - {x: 0, y: 0, z: 1, w: -1}
  - {x: 0, y: 0, z: 1, w: -1}
  - {x: 0, y: 0, z: 1, w: -1}
  - {x: 1, y: 0, z: 0, w: -1}
  - {x: 1, y: 0, z: 0, w: -1}
  - {x: 1, y: 0, z: 0, w: -1}
  - {x: 1, y: 0, z: 0, w: -1}
  - {x: 0, y: 0, z: -1, w: -1}
  - {x: 0, y: 0, z: -1, w: -1}
  - {x: 0, y: 0, z: -1, w: -1}
  - {x: 0, y: 0, z: -1, w: -1}
  - {x: 1, y: 0, z: 0, w: -1}
  - {x: 1, y: 0, z: 0, w: -1}
  - {x: 1, y: 0, z: 0, w: -1}
  - {x: 1, y: 0, z: 0, w: -1}
  - {x: -1, y: 0, z: 0, w: -1}
  - {x: -1, y: 0, z: 0, w: -1}
  - {x: -1, y: 0, z: 0, w: -1}
  - {x: -1, y: 0, z: 0, w: -1}
  m_Colors: []
  m_UnwrapParameters:
    m_HardAngle: 88
    m_PackMargin: 20
    m_AngleError: 8
    m_AreaError: 15
  m_PreserveMeshAssetOnDestroy: 0
  assetGuid: 
  m_IsSelectable: 1
  m_SelectedFaces: 
  m_SelectedEdges: []
  m_SelectedVertices: 
--- !u!1 &5072370427898849076
GameObject:
  m_ObjectHideFlags: 0
  m_CorrespondingSourceObject: {fileID: 0}
  m_PrefabInstance: {fileID: 0}
  m_PrefabAsset: {fileID: 0}
  serializedVersion: 6
  m_Component:
  - component: {fileID: 5072370427898849075}
  - component: {fileID: 5072370427898849072}
  - component: {fileID: 5072370427898849073}
  - component: {fileID: 5072370427898849078}
  m_Layer: 0
  m_Name: Cube
  m_TagString: Untagged
  m_Icon: {fileID: 0}
  m_NavMeshLayer: 0
  m_StaticEditorFlags: 0
  m_IsActive: 1
--- !u!4 &5072370427898849075
Transform:
  m_ObjectHideFlags: 0
  m_CorrespondingSourceObject: {fileID: 0}
  m_PrefabInstance: {fileID: 0}
  m_PrefabAsset: {fileID: 0}
  m_GameObject: {fileID: 5072370427898849076}
  m_LocalRotation: {x: -0, y: -0, z: -0, w: 1}
  m_LocalPosition: {x: -0.069999695, y: 0.48399997, z: 0.11400032}
  m_LocalScale: {x: 1, y: 1, z: 1}
  m_Children: []
  m_Father: {fileID: 8670271302073571276}
  m_RootOrder: 1
  m_LocalEulerAnglesHint: {x: 0, y: 0, z: 0}
--- !u!33 &5072370427898849072
MeshFilter:
  m_ObjectHideFlags: 0
  m_CorrespondingSourceObject: {fileID: 0}
  m_PrefabInstance: {fileID: 0}
  m_PrefabAsset: {fileID: 0}
  m_GameObject: {fileID: 5072370427898849076}
  m_Mesh: {fileID: 0}
--- !u!23 &5072370427898849073
MeshRenderer:
  m_ObjectHideFlags: 0
  m_CorrespondingSourceObject: {fileID: 0}
  m_PrefabInstance: {fileID: 0}
  m_PrefabAsset: {fileID: 0}
  m_GameObject: {fileID: 5072370427898849076}
  m_Enabled: 1
  m_CastShadows: 1
  m_ReceiveShadows: 1
  m_DynamicOccludee: 1
  m_MotionVectors: 1
  m_LightProbeUsage: 1
  m_ReflectionProbeUsage: 1
  m_RayTracingMode: 2
  m_RenderingLayerMask: 1
  m_RendererPriority: 0
  m_Materials:
  - {fileID: 2100000, guid: 4fcbc5ba75e2e424f89cd2b5f06a60a5, type: 2}
  m_StaticBatchInfo:
    firstSubMesh: 0
    subMeshCount: 0
  m_StaticBatchRoot: {fileID: 0}
  m_ProbeAnchor: {fileID: 0}
  m_LightProbeVolumeOverride: {fileID: 0}
  m_ScaleInLightmap: 1
  m_ReceiveGI: 1
  m_PreserveUVs: 0
  m_IgnoreNormalsForChartDetection: 0
  m_ImportantGI: 0
  m_StitchLightmapSeams: 1
  m_SelectedEditorRenderState: 2
  m_MinimumChartSize: 4
  m_AutoUVMaxDistance: 0.5
  m_AutoUVMaxAngle: 89
  m_LightmapParameters: {fileID: 0}
  m_SortingLayerID: 0
  m_SortingLayer: 0
  m_SortingOrder: 0
--- !u!114 &5072370427898849078
MonoBehaviour:
  m_ObjectHideFlags: 0
  m_CorrespondingSourceObject: {fileID: 0}
  m_PrefabInstance: {fileID: 0}
  m_PrefabAsset: {fileID: 0}
  m_GameObject: {fileID: 5072370427898849076}
  m_Enabled: 1
  m_EditorHideFlags: 0
  m_Script: {fileID: 11500000, guid: 8233d90336aea43098adf6dbabd606a2, type: 3}
  m_Name: 
  m_EditorClassIdentifier: 
  m_MeshFormatVersion: 1
  m_Faces:
  - m_Indexes: 020000000300000004000000030000000500000004000000050000000600000004000000060000000700000004000000000000000100000006000000010000000700000006000000020000000100000003000000010000000000000003000000030000000000000005000000000000000600000005000000010000000200000007000000020000000400000007000000
    m_SmoothingGroup: 0
    m_Uv:
      m_UseWorldSpace: 0
      m_FlipU: 0
      m_FlipV: 0
      m_SwapUV: 0
      m_Fill: 1
      m_Scale: {x: 1, y: 1}
      m_Offset: {x: 0, y: 0}
      m_Rotation: 0
      m_Anchor: 9
    m_Material: {fileID: 0}
    m_SubmeshIndex: 0
    m_ManualUV: 0
    elementGroup: -1
    m_TextureGroup: -1
  m_SharedVertices:
  - m_Vertices: 03000000
  - m_Vertices: 00000000
  - m_Vertices: 05000000
  - m_Vertices: 06000000
  - m_Vertices: 01000000
  - m_Vertices: 07000000
  - m_Vertices: 02000000
  - m_Vertices: 04000000
  m_SharedTextures: []
  m_Positions:
  - {x: 0.09999962, y: -0.5, z: 0.099999905}
  - {x: 0.09999962, y: -0.5, z: -0.1000001}
  - {x: -0.10000038, y: -0.5, z: -0.1000001}
  - {x: -0.10000038, y: -0.5, z: 0.099999905}
  - {x: -0.13131714, y: 0.5, z: -0.12290573}
  - {x: -0.12784386, y: 0.5, z: 0.12611246}
  - {x: 0.11798096, y: 0.5, z: 0.13381624}
  - {x: 0.117004395, y: 0.5, z: -0.12870169}
  m_Textures0:
  - {x: -0.1007521, y: -0.5005921}
  - {x: 0.0992422, y: -0.5006013}
  - {x: 0.1007523, y: -0.49938953}
  - {x: -0.099242, y: -0.49938038}
  - {x: 0.12389374, y: 0.5007808}
  - {x: -0.12514359, y: 0.50077116}
  - {x: -0.13470325, y: 0.49928212}
  - {x: 0.12781458, y: 0.49927604}
  m_Textures2: []
  m_Textures3: []
  m_Tangents:
  - {x: -0.9197005, y: -0.1995943, z: 0.3381022, w: -1}
  - {x: -0.75354975, y: -0.577032, z: -0.31495512, w: -1}
  - {x: -0.91181034, y: 0.2124381, z: 0.35138568, w: -1}
  - {x: -0.7568047, y: 0.56931376, z: -0.32113642, w: -1}
  - {x: 0.7257475, y: 0.56081724, z: -0.39846522, w: 1}
  - {x: -0.90624505, y: -0.17257579, z: -0.3859242, w: -1}
  - {x: -0.7204377, y: 0.68762255, z: 0.090248, w: 1}
  - {x: -0.91423494, y: 0.14555386, z: -0.37813815, w: 1}
  m_Colors: []
  m_UnwrapParameters:
    m_HardAngle: 88
    m_PackMargin: 20
    m_AngleError: 8
    m_AreaError: 15
  m_PreserveMeshAssetOnDestroy: 0
  assetGuid: 
  m_IsSelectable: 1
  m_SelectedFaces: 
  m_SelectedEdges: []
  m_SelectedVertices: 
