%YAML 1.1
%TAG !u! tag:unity3d.com,2011:
--- !u!1 &370427439041861385
GameObject:
  m_ObjectHideFlags: 0
  m_CorrespondingSourceObject: {fileID: 0}
  m_PrefabInstance: {fileID: 0}
  m_PrefabAsset: {fileID: 0}
  serializedVersion: 6
  m_Component:
  - component: {fileID: 3487536264905381577}
  m_Layer: 0
  m_Name: Plateforms
  m_TagString: Untagged
  m_Icon: {fileID: 0}
  m_NavMeshLayer: 0
  m_StaticEditorFlags: 0
  m_IsActive: 1
--- !u!4 &3487536264905381577
Transform:
  m_ObjectHideFlags: 0
  m_CorrespondingSourceObject: {fileID: 0}
  m_PrefabInstance: {fileID: 0}
  m_PrefabAsset: {fileID: 0}
  m_GameObject: {fileID: 370427439041861385}
  m_LocalRotation: {x: 0, y: 0, z: 0, w: 1}
  m_LocalPosition: {x: 0, y: 0, z: 0}
  m_LocalScale: {x: 1, y: 1, z: 1}
  m_Children:
  - {fileID: 3996649610807502831}
  - {fileID: 4903753607597423494}
  - {fileID: 919647779015753865}
  - {fileID: 5044149408774488084}
  - {fileID: 26935397305860771}
  - {fileID: 6251492437007605402}
  - {fileID: 4817138032233752494}
  - {fileID: 6490942455601650683}
  - {fileID: 5295879152116392697}
  m_Father: {fileID: 417802175963057143}
  m_RootOrder: 2
  m_LocalEulerAnglesHint: {x: 0, y: 0, z: 0}
--- !u!1 &8028202828597695184
GameObject:
  m_ObjectHideFlags: 0
  m_CorrespondingSourceObject: {fileID: 0}
  m_PrefabInstance: {fileID: 0}
  m_PrefabAsset: {fileID: 0}
  serializedVersion: 6
  m_Component:
  - component: {fileID: 796967960154105568}
  m_Layer: 0
  m_Name: Bridges
  m_TagString: Untagged
  m_Icon: {fileID: 0}
  m_NavMeshLayer: 0
  m_StaticEditorFlags: 0
  m_IsActive: 1
--- !u!4 &796967960154105568
Transform:
  m_ObjectHideFlags: 0
  m_CorrespondingSourceObject: {fileID: 0}
  m_PrefabInstance: {fileID: 0}
  m_PrefabAsset: {fileID: 0}
  m_GameObject: {fileID: 8028202828597695184}
  m_LocalRotation: {x: 0, y: 0, z: 0, w: 1}
  m_LocalPosition: {x: 0, y: 0, z: 0}
  m_LocalScale: {x: 1, y: 1, z: 1}
  m_Children:
  - {fileID: 8811502916452200040}
  - {fileID: 8009396772109351902}
  - {fileID: 6818057890307204396}
  - {fileID: 2387894043978000833}
  - {fileID: 9043612262868207153}
  - {fileID: 5089846521757083108}
  - {fileID: 7842381277837332515}
  - {fileID: 6866131063422087895}
  - {fileID: 5356081822038624306}
  - {fileID: 3718283785239675841}
  m_Father: {fileID: 417802175963057143}
  m_RootOrder: 3
  m_LocalEulerAnglesHint: {x: 0, y: 0, z: 0}
--- !u!1 &8383464836584250931
GameObject:
  m_ObjectHideFlags: 0
  m_CorrespondingSourceObject: {fileID: 0}
  m_PrefabInstance: {fileID: 0}
  m_PrefabAsset: {fileID: 0}
  serializedVersion: 6
  m_Component:
  - component: {fileID: 417802175963057143}
  - component: {fileID: 8188257294850334695}
  m_Layer: 0
  m_Name: level(24)
  m_TagString: SB_LevelScript
  m_Icon: {fileID: 0}
  m_NavMeshLayer: 0
  m_StaticEditorFlags: 0
  m_IsActive: 1
--- !u!4 &417802175963057143
Transform:
  m_ObjectHideFlags: 0
  m_CorrespondingSourceObject: {fileID: 0}
  m_PrefabInstance: {fileID: 0}
  m_PrefabAsset: {fileID: 0}
  m_GameObject: {fileID: 8383464836584250931}
  m_LocalRotation: {x: -0, y: -0, z: -0, w: 1}
  m_LocalPosition: {x: 24, y: 0, z: 9}
  m_LocalScale: {x: 1, y: 1, z: 1}
  m_Children:
  - {fileID: 1259880216511517921}
  - {fileID: 8155986412811492954}
  - {fileID: 3487536264905381577}
  - {fileID: 796967960154105568}
  m_Father: {fileID: 0}
  m_RootOrder: 0
  m_LocalEulerAnglesHint: {x: 0, y: 0, z: 0}
--- !u!114 &8188257294850334695
MonoBehaviour:
  m_ObjectHideFlags: 0
  m_CorrespondingSourceObject: {fileID: 0}
  m_PrefabInstance: {fileID: 0}
  m_PrefabAsset: {fileID: 0}
  m_GameObject: {fileID: 8383464836584250931}
  m_Enabled: 1
  m_EditorHideFlags: 0
  m_Script: {fileID: 11500000, guid: a1c1849648488c04cbba80b44672eeb4, type: 3}
  m_Name: 
  m_EditorClassIdentifier: 
  mRandomSpawnRangeMin: 1
  mRandomSpawnRangeMax: 3
  mGoodVictimSpeed: 3.5
  mGoodVictimFleeSpeed: 1.5
  mBadVictimSpeed: 3.5
  mBadVictimChaseSpeed: 3.5
  mNumberOfVictim: 3
--- !u!1001 &98781535052053031
PrefabInstance:
  m_ObjectHideFlags: 0
  serializedVersion: 2
  m_Modification:
    m_TransformParent: {fileID: 3487536264905381577}
    m_Modifications:
    - target: {fileID: 5142717569851275827, guid: 435de5921b3ab3c43bfc979f4d1024d1,
        type: 3}
      propertyPath: m_LocalPosition.x
      value: -27.52
      objectReference: {fileID: 0}
    - target: {fileID: 5142717569851275827, guid: 435de5921b3ab3c43bfc979f4d1024d1,
        type: 3}
      propertyPath: m_LocalPosition.y
      value: 0
      objectReference: {fileID: 0}
    - target: {fileID: 5142717569851275827, guid: 435de5921b3ab3c43bfc979f4d1024d1,
        type: 3}
      propertyPath: m_LocalPosition.z
      value: 38.840004
      objectReference: {fileID: 0}
    - target: {fileID: 5142717569851275827, guid: 435de5921b3ab3c43bfc979f4d1024d1,
        type: 3}
      propertyPath: m_LocalRotation.x
      value: -0
      objectReference: {fileID: 0}
    - target: {fileID: 5142717569851275827, guid: 435de5921b3ab3c43bfc979f4d1024d1,
        type: 3}
      propertyPath: m_LocalRotation.y
      value: -0
      objectReference: {fileID: 0}
    - target: {fileID: 5142717569851275827, guid: 435de5921b3ab3c43bfc979f4d1024d1,
        type: 3}
      propertyPath: m_LocalRotation.z
      value: -0
      objectReference: {fileID: 0}
    - target: {fileID: 5142717569851275827, guid: 435de5921b3ab3c43bfc979f4d1024d1,
        type: 3}
      propertyPath: m_LocalRotation.w
      value: 1
      objectReference: {fileID: 0}
    - target: {fileID: 5142717569851275827, guid: 435de5921b3ab3c43bfc979f4d1024d1,
        type: 3}
      propertyPath: m_RootOrder
      value: 3
      objectReference: {fileID: 0}
    - target: {fileID: 5142717569851275827, guid: 435de5921b3ab3c43bfc979f4d1024d1,
        type: 3}
      propertyPath: m_LocalEulerAnglesHint.x
      value: 0
      objectReference: {fileID: 0}
    - target: {fileID: 5142717569851275827, guid: 435de5921b3ab3c43bfc979f4d1024d1,
        type: 3}
      propertyPath: m_LocalEulerAnglesHint.y
      value: 0
      objectReference: {fileID: 0}
    - target: {fileID: 5142717569851275827, guid: 435de5921b3ab3c43bfc979f4d1024d1,
        type: 3}
      propertyPath: m_LocalEulerAnglesHint.z
      value: 0
      objectReference: {fileID: 0}
    - target: {fileID: 5142717569851275831, guid: 435de5921b3ab3c43bfc979f4d1024d1,
        type: 3}
      propertyPath: m_Name
      value: PlaneWithSpawn (7)
      objectReference: {fileID: 0}
    m_RemovedComponents: []
  m_SourcePrefab: {fileID: 100100000, guid: 435de5921b3ab3c43bfc979f4d1024d1, type: 3}
--- !u!4 &5044149408774488084 stripped
Transform:
  m_CorrespondingSourceObject: {fileID: 5142717569851275827, guid: 435de5921b3ab3c43bfc979f4d1024d1,
    type: 3}
  m_PrefabInstance: {fileID: 98781535052053031}
  m_PrefabAsset: {fileID: 0}
--- !u!1001 &239600682725228981
PrefabInstance:
  m_ObjectHideFlags: 0
  serializedVersion: 2
  m_Modification:
    m_TransformParent: {fileID: 3487536264905381577}
    m_Modifications:
    - target: {fileID: 5142717569851275827, guid: 435de5921b3ab3c43bfc979f4d1024d1,
        type: 3}
      propertyPath: m_LocalPosition.x
      value: 0
      objectReference: {fileID: 0}
    - target: {fileID: 5142717569851275827, guid: 435de5921b3ab3c43bfc979f4d1024d1,
        type: 3}
      propertyPath: m_LocalPosition.y
      value: 0
      objectReference: {fileID: 0}
    - target: {fileID: 5142717569851275827, guid: 435de5921b3ab3c43bfc979f4d1024d1,
        type: 3}
      propertyPath: m_LocalPosition.z
      value: 0.1
      objectReference: {fileID: 0}
    - target: {fileID: 5142717569851275827, guid: 435de5921b3ab3c43bfc979f4d1024d1,
        type: 3}
      propertyPath: m_LocalRotation.x
      value: -0
      objectReference: {fileID: 0}
    - target: {fileID: 5142717569851275827, guid: 435de5921b3ab3c43bfc979f4d1024d1,
        type: 3}
      propertyPath: m_LocalRotation.y
      value: -0
      objectReference: {fileID: 0}
    - target: {fileID: 5142717569851275827, guid: 435de5921b3ab3c43bfc979f4d1024d1,
        type: 3}
      propertyPath: m_LocalRotation.z
      value: -0
      objectReference: {fileID: 0}
    - target: {fileID: 5142717569851275827, guid: 435de5921b3ab3c43bfc979f4d1024d1,
        type: 3}
      propertyPath: m_LocalRotation.w
      value: 1
      objectReference: {fileID: 0}
    - target: {fileID: 5142717569851275827, guid: 435de5921b3ab3c43bfc979f4d1024d1,
        type: 3}
      propertyPath: m_RootOrder
      value: 1
      objectReference: {fileID: 0}
    - target: {fileID: 5142717569851275827, guid: 435de5921b3ab3c43bfc979f4d1024d1,
        type: 3}
      propertyPath: m_LocalEulerAnglesHint.x
      value: 0
      objectReference: {fileID: 0}
    - target: {fileID: 5142717569851275827, guid: 435de5921b3ab3c43bfc979f4d1024d1,
        type: 3}
      propertyPath: m_LocalEulerAnglesHint.y
      value: 0
      objectReference: {fileID: 0}
    - target: {fileID: 5142717569851275827, guid: 435de5921b3ab3c43bfc979f4d1024d1,
        type: 3}
      propertyPath: m_LocalEulerAnglesHint.z
      value: 0
      objectReference: {fileID: 0}
    - target: {fileID: 5142717569851275831, guid: 435de5921b3ab3c43bfc979f4d1024d1,
        type: 3}
      propertyPath: m_Name
      value: PlaneWithSpawn (5)
      objectReference: {fileID: 0}
    m_RemovedComponents: []
  m_SourcePrefab: {fileID: 100100000, guid: 435de5921b3ab3c43bfc979f4d1024d1, type: 3}
--- !u!4 &4903753607597423494 stripped
Transform:
  m_CorrespondingSourceObject: {fileID: 5142717569851275827, guid: 435de5921b3ab3c43bfc979f4d1024d1,
    type: 3}
  m_PrefabInstance: {fileID: 239600682725228981}
  m_PrefabAsset: {fileID: 0}
--- !u!1001 &398414521417604509
PrefabInstance:
  m_ObjectHideFlags: 0
  serializedVersion: 2
  m_Modification:
    m_TransformParent: {fileID: 3487536264905381577}
    m_Modifications:
    - target: {fileID: 5142717569851275827, guid: 435de5921b3ab3c43bfc979f4d1024d1,
        type: 3}
      propertyPath: m_LocalPosition.x
      value: -14.800001
      objectReference: {fileID: 0}
    - target: {fileID: 5142717569851275827, guid: 435de5921b3ab3c43bfc979f4d1024d1,
        type: 3}
      propertyPath: m_LocalPosition.y
      value: 0
      objectReference: {fileID: 0}
    - target: {fileID: 5142717569851275827, guid: 435de5921b3ab3c43bfc979f4d1024d1,
        type: 3}
      propertyPath: m_LocalPosition.z
      value: 38.9
      objectReference: {fileID: 0}
    - target: {fileID: 5142717569851275827, guid: 435de5921b3ab3c43bfc979f4d1024d1,
        type: 3}
      propertyPath: m_LocalRotation.x
      value: -0
      objectReference: {fileID: 0}
    - target: {fileID: 5142717569851275827, guid: 435de5921b3ab3c43bfc979f4d1024d1,
        type: 3}
      propertyPath: m_LocalRotation.y
      value: -0
      objectReference: {fileID: 0}
    - target: {fileID: 5142717569851275827, guid: 435de5921b3ab3c43bfc979f4d1024d1,
        type: 3}
      propertyPath: m_LocalRotation.z
      value: -0
      objectReference: {fileID: 0}
    - target: {fileID: 5142717569851275827, guid: 435de5921b3ab3c43bfc979f4d1024d1,
        type: 3}
      propertyPath: m_LocalRotation.w
      value: 1
      objectReference: {fileID: 0}
    - target: {fileID: 5142717569851275827, guid: 435de5921b3ab3c43bfc979f4d1024d1,
        type: 3}
      propertyPath: m_RootOrder
      value: 6
      objectReference: {fileID: 0}
    - target: {fileID: 5142717569851275827, guid: 435de5921b3ab3c43bfc979f4d1024d1,
        type: 3}
      propertyPath: m_LocalEulerAnglesHint.x
      value: 0
      objectReference: {fileID: 0}
    - target: {fileID: 5142717569851275827, guid: 435de5921b3ab3c43bfc979f4d1024d1,
        type: 3}
      propertyPath: m_LocalEulerAnglesHint.y
      value: 0
      objectReference: {fileID: 0}
    - target: {fileID: 5142717569851275827, guid: 435de5921b3ab3c43bfc979f4d1024d1,
        type: 3}
      propertyPath: m_LocalEulerAnglesHint.z
      value: 0
      objectReference: {fileID: 0}
    - target: {fileID: 5142717569851275831, guid: 435de5921b3ab3c43bfc979f4d1024d1,
        type: 3}
      propertyPath: m_Name
      value: PlaneWithSpawn (13)
      objectReference: {fileID: 0}
    m_RemovedComponents: []
  m_SourcePrefab: {fileID: 100100000, guid: 435de5921b3ab3c43bfc979f4d1024d1, type: 3}
--- !u!4 &4817138032233752494 stripped
Transform:
  m_CorrespondingSourceObject: {fileID: 5142717569851275827, guid: 435de5921b3ab3c43bfc979f4d1024d1,
    type: 3}
  m_PrefabInstance: {fileID: 398414521417604509}
  m_PrefabAsset: {fileID: 0}
--- !u!1001 &445986225679411578
PrefabInstance:
  m_ObjectHideFlags: 0
  serializedVersion: 2
  m_Modification:
    m_TransformParent: {fileID: 417802175963057143}
    m_Modifications:
    - target: {fileID: 8583742648728958752, guid: 0183d36225bb3054aa831560f46e6bb1,
        type: 3}
      propertyPath: m_LocalPosition.x
      value: -20.8
      objectReference: {fileID: 0}
    - target: {fileID: 8583742648728958752, guid: 0183d36225bb3054aa831560f46e6bb1,
        type: 3}
      propertyPath: m_LocalPosition.y
      value: 77.1
      objectReference: {fileID: 0}
    - target: {fileID: 8583742648728958752, guid: 0183d36225bb3054aa831560f46e6bb1,
        type: 3}
      propertyPath: m_LocalPosition.z
      value: 25.7
      objectReference: {fileID: 0}
    - target: {fileID: 8583742648728958752, guid: 0183d36225bb3054aa831560f46e6bb1,
        type: 3}
      propertyPath: m_LocalRotation.x
      value: 0.7071068
      objectReference: {fileID: 0}
    - target: {fileID: 8583742648728958752, guid: 0183d36225bb3054aa831560f46e6bb1,
        type: 3}
      propertyPath: m_LocalRotation.y
      value: -0
      objectReference: {fileID: 0}
    - target: {fileID: 8583742648728958752, guid: 0183d36225bb3054aa831560f46e6bb1,
        type: 3}
      propertyPath: m_LocalRotation.z
      value: -0
      objectReference: {fileID: 0}
    - target: {fileID: 8583742648728958752, guid: 0183d36225bb3054aa831560f46e6bb1,
        type: 3}
      propertyPath: m_LocalRotation.w
      value: 0.7071068
      objectReference: {fileID: 0}
    - target: {fileID: 8583742648728958752, guid: 0183d36225bb3054aa831560f46e6bb1,
        type: 3}
      propertyPath: m_RootOrder
      value: 1
      objectReference: {fileID: 0}
    - target: {fileID: 8583742648728958752, guid: 0183d36225bb3054aa831560f46e6bb1,
        type: 3}
      propertyPath: m_LocalEulerAnglesHint.x
      value: 90
      objectReference: {fileID: 0}
    - target: {fileID: 8583742648728958752, guid: 0183d36225bb3054aa831560f46e6bb1,
        type: 3}
      propertyPath: m_LocalEulerAnglesHint.y
      value: 0
      objectReference: {fileID: 0}
    - target: {fileID: 8583742648728958752, guid: 0183d36225bb3054aa831560f46e6bb1,
        type: 3}
      propertyPath: m_LocalEulerAnglesHint.z
      value: 0
      objectReference: {fileID: 0}
    - target: {fileID: 8583742648728958765, guid: 0183d36225bb3054aa831560f46e6bb1,
        type: 3}
      propertyPath: m_Name
      value: CameraSecondary
      objectReference: {fileID: 0}
    - target: {fileID: 8583742648728958765, guid: 0183d36225bb3054aa831560f46e6bb1,
        type: 3}
      propertyPath: m_IsActive
      value: 1
      objectReference: {fileID: 0}
    m_RemovedComponents: []
  m_SourcePrefab: {fileID: 100100000, guid: 0183d36225bb3054aa831560f46e6bb1, type: 3}
--- !u!4 &8155986412811492954 stripped
Transform:
  m_CorrespondingSourceObject: {fileID: 8583742648728958752, guid: 0183d36225bb3054aa831560f46e6bb1,
    type: 3}
  m_PrefabInstance: {fileID: 445986225679411578}
  m_PrefabAsset: {fileID: 0}
--- !u!1001 &1017853537774622922
PrefabInstance:
  m_ObjectHideFlags: 0
  serializedVersion: 2
  m_Modification:
    m_TransformParent: {fileID: 3487536264905381577}
    m_Modifications:
    - target: {fileID: 5142717569851275827, guid: 435de5921b3ab3c43bfc979f4d1024d1,
        type: 3}
      propertyPath: m_LocalPosition.x
      value: -7.799999
      objectReference: {fileID: 0}
    - target: {fileID: 5142717569851275827, guid: 435de5921b3ab3c43bfc979f4d1024d1,
        type: 3}
      propertyPath: m_LocalPosition.y
      value: 0
      objectReference: {fileID: 0}
    - target: {fileID: 5142717569851275827, guid: 435de5921b3ab3c43bfc979f4d1024d1,
        type: 3}
      propertyPath: m_LocalPosition.z
      value: 50.91
      objectReference: {fileID: 0}
    - target: {fileID: 5142717569851275827, guid: 435de5921b3ab3c43bfc979f4d1024d1,
        type: 3}
      propertyPath: m_LocalRotation.x
      value: -0
      objectReference: {fileID: 0}
    - target: {fileID: 5142717569851275827, guid: 435de5921b3ab3c43bfc979f4d1024d1,
        type: 3}
      propertyPath: m_LocalRotation.y
      value: -0
      objectReference: {fileID: 0}
    - target: {fileID: 5142717569851275827, guid: 435de5921b3ab3c43bfc979f4d1024d1,
        type: 3}
      propertyPath: m_LocalRotation.z
      value: -0
      objectReference: {fileID: 0}
    - target: {fileID: 5142717569851275827, guid: 435de5921b3ab3c43bfc979f4d1024d1,
        type: 3}
      propertyPath: m_LocalRotation.w
      value: 1
      objectReference: {fileID: 0}
    - target: {fileID: 5142717569851275827, guid: 435de5921b3ab3c43bfc979f4d1024d1,
        type: 3}
      propertyPath: m_RootOrder
      value: 8
      objectReference: {fileID: 0}
    - target: {fileID: 5142717569851275827, guid: 435de5921b3ab3c43bfc979f4d1024d1,
        type: 3}
      propertyPath: m_LocalEulerAnglesHint.x
      value: 0
      objectReference: {fileID: 0}
    - target: {fileID: 5142717569851275827, guid: 435de5921b3ab3c43bfc979f4d1024d1,
        type: 3}
      propertyPath: m_LocalEulerAnglesHint.y
      value: 0
      objectReference: {fileID: 0}
    - target: {fileID: 5142717569851275827, guid: 435de5921b3ab3c43bfc979f4d1024d1,
        type: 3}
      propertyPath: m_LocalEulerAnglesHint.z
      value: 0
      objectReference: {fileID: 0}
    - target: {fileID: 5142717569851275831, guid: 435de5921b3ab3c43bfc979f4d1024d1,
        type: 3}
      propertyPath: m_Name
      value: PlaneWithSpawn (15)
      objectReference: {fileID: 0}
    m_RemovedComponents: []
  m_SourcePrefab: {fileID: 100100000, guid: 435de5921b3ab3c43bfc979f4d1024d1, type: 3}
--- !u!4 &5295879152116392697 stripped
Transform:
  m_CorrespondingSourceObject: {fileID: 5142717569851275827, guid: 435de5921b3ab3c43bfc979f4d1024d1,
    type: 3}
  m_PrefabInstance: {fileID: 1017853537774622922}
  m_PrefabAsset: {fileID: 0}
--- !u!1001 &1269831880417748137
PrefabInstance:
  m_ObjectHideFlags: 0
  serializedVersion: 2
  m_Modification:
    m_TransformParent: {fileID: 3487536264905381577}
    m_Modifications:
    - target: {fileID: 5142717569851275827, guid: 435de5921b3ab3c43bfc979f4d1024d1,
        type: 3}
      propertyPath: m_LocalPosition.x
      value: -35
      objectReference: {fileID: 0}
    - target: {fileID: 5142717569851275827, guid: 435de5921b3ab3c43bfc979f4d1024d1,
        type: 3}
      propertyPath: m_LocalPosition.y
      value: 0
      objectReference: {fileID: 0}
    - target: {fileID: 5142717569851275827, guid: 435de5921b3ab3c43bfc979f4d1024d1,
        type: 3}
      propertyPath: m_LocalPosition.z
      value: 11.700001
      objectReference: {fileID: 0}
    - target: {fileID: 5142717569851275827, guid: 435de5921b3ab3c43bfc979f4d1024d1,
        type: 3}
      propertyPath: m_LocalRotation.x
      value: -0
      objectReference: {fileID: 0}
    - target: {fileID: 5142717569851275827, guid: 435de5921b3ab3c43bfc979f4d1024d1,
        type: 3}
      propertyPath: m_LocalRotation.y
      value: -0
      objectReference: {fileID: 0}
    - target: {fileID: 5142717569851275827, guid: 435de5921b3ab3c43bfc979f4d1024d1,
        type: 3}
      propertyPath: m_LocalRotation.z
      value: -0
      objectReference: {fileID: 0}
    - target: {fileID: 5142717569851275827, guid: 435de5921b3ab3c43bfc979f4d1024d1,
        type: 3}
      propertyPath: m_LocalRotation.w
      value: 1
      objectReference: {fileID: 0}
    - target: {fileID: 5142717569851275827, guid: 435de5921b3ab3c43bfc979f4d1024d1,
        type: 3}
      propertyPath: m_RootOrder
      value: 5
      objectReference: {fileID: 0}
    - target: {fileID: 5142717569851275827, guid: 435de5921b3ab3c43bfc979f4d1024d1,
        type: 3}
      propertyPath: m_LocalEulerAnglesHint.x
      value: 0
      objectReference: {fileID: 0}
    - target: {fileID: 5142717569851275827, guid: 435de5921b3ab3c43bfc979f4d1024d1,
        type: 3}
      propertyPath: m_LocalEulerAnglesHint.y
      value: 0
      objectReference: {fileID: 0}
    - target: {fileID: 5142717569851275827, guid: 435de5921b3ab3c43bfc979f4d1024d1,
        type: 3}
      propertyPath: m_LocalEulerAnglesHint.z
      value: 0
      objectReference: {fileID: 0}
    - target: {fileID: 5142717569851275831, guid: 435de5921b3ab3c43bfc979f4d1024d1,
        type: 3}
      propertyPath: m_Name
      value: PlaneWithSpawn (11)
      objectReference: {fileID: 0}
    m_RemovedComponents: []
  m_SourcePrefab: {fileID: 100100000, guid: 435de5921b3ab3c43bfc979f4d1024d1, type: 3}
--- !u!4 &6251492437007605402 stripped
Transform:
  m_CorrespondingSourceObject: {fileID: 5142717569851275827, guid: 435de5921b3ab3c43bfc979f4d1024d1,
    type: 3}
  m_PrefabInstance: {fileID: 1269831880417748137}
  m_PrefabAsset: {fileID: 0}
--- !u!1001 &2110762863844286920
PrefabInstance:
  m_ObjectHideFlags: 0
  serializedVersion: 2
  m_Modification:
    m_TransformParent: {fileID: 3487536264905381577}
    m_Modifications:
    - target: {fileID: 5142717569851275827, guid: 435de5921b3ab3c43bfc979f4d1024d1,
        type: 3}
      propertyPath: m_LocalPosition.x
      value: -27.499998
      objectReference: {fileID: 0}
    - target: {fileID: 5142717569851275827, guid: 435de5921b3ab3c43bfc979f4d1024d1,
        type: 3}
      propertyPath: m_LocalPosition.y
      value: 0
      objectReference: {fileID: 0}
    - target: {fileID: 5142717569851275827, guid: 435de5921b3ab3c43bfc979f4d1024d1,
        type: 3}
      propertyPath: m_LocalPosition.z
      value: 23.400002
      objectReference: {fileID: 0}
    - target: {fileID: 5142717569851275827, guid: 435de5921b3ab3c43bfc979f4d1024d1,
        type: 3}
      propertyPath: m_LocalRotation.x
      value: -0
      objectReference: {fileID: 0}
    - target: {fileID: 5142717569851275827, guid: 435de5921b3ab3c43bfc979f4d1024d1,
        type: 3}
      propertyPath: m_LocalRotation.y
      value: -0
      objectReference: {fileID: 0}
    - target: {fileID: 5142717569851275827, guid: 435de5921b3ab3c43bfc979f4d1024d1,
        type: 3}
      propertyPath: m_LocalRotation.z
      value: -0
      objectReference: {fileID: 0}
    - target: {fileID: 5142717569851275827, guid: 435de5921b3ab3c43bfc979f4d1024d1,
        type: 3}
      propertyPath: m_LocalRotation.w
      value: 1
      objectReference: {fileID: 0}
    - target: {fileID: 5142717569851275827, guid: 435de5921b3ab3c43bfc979f4d1024d1,
        type: 3}
      propertyPath: m_RootOrder
      value: 7
      objectReference: {fileID: 0}
    - target: {fileID: 5142717569851275827, guid: 435de5921b3ab3c43bfc979f4d1024d1,
        type: 3}
      propertyPath: m_LocalEulerAnglesHint.x
      value: 0
      objectReference: {fileID: 0}
    - target: {fileID: 5142717569851275827, guid: 435de5921b3ab3c43bfc979f4d1024d1,
        type: 3}
      propertyPath: m_LocalEulerAnglesHint.y
      value: 0
      objectReference: {fileID: 0}
    - target: {fileID: 5142717569851275827, guid: 435de5921b3ab3c43bfc979f4d1024d1,
        type: 3}
      propertyPath: m_LocalEulerAnglesHint.z
      value: 0
      objectReference: {fileID: 0}
    - target: {fileID: 5142717569851275831, guid: 435de5921b3ab3c43bfc979f4d1024d1,
        type: 3}
      propertyPath: m_Name
      value: PlaneWithSpawn (14)
      objectReference: {fileID: 0}
    m_RemovedComponents: []
  m_SourcePrefab: {fileID: 100100000, guid: 435de5921b3ab3c43bfc979f4d1024d1, type: 3}
--- !u!4 &6490942455601650683 stripped
Transform:
  m_CorrespondingSourceObject: {fileID: 5142717569851275827, guid: 435de5921b3ab3c43bfc979f4d1024d1,
    type: 3}
  m_PrefabInstance: {fileID: 2110762863844286920}
  m_PrefabAsset: {fileID: 0}
--- !u!1001 &2364873591602422489
PrefabInstance:
  m_ObjectHideFlags: 0
  serializedVersion: 2
  m_Modification:
    m_TransformParent: {fileID: 796967960154105568}
    m_Modifications:
    - target: {fileID: 1389438994888286488, guid: 2155bb2f27bd5d448a61429b8b9005ac,
        type: 3}
      propertyPath: m_LocalPosition.x
      value: -11.18
      objectReference: {fileID: 0}
    - target: {fileID: 1389438994888286488, guid: 2155bb2f27bd5d448a61429b8b9005ac,
        type: 3}
      propertyPath: m_LocalPosition.y
      value: -0.1
      objectReference: {fileID: 0}
    - target: {fileID: 1389438994888286488, guid: 2155bb2f27bd5d448a61429b8b9005ac,
        type: 3}
      propertyPath: m_LocalPosition.z
      value: 44.92
      objectReference: {fileID: 0}
    - target: {fileID: 1389438994888286488, guid: 2155bb2f27bd5d448a61429b8b9005ac,
        type: 3}
      propertyPath: m_LocalRotation.x
      value: -0
      objectReference: {fileID: 0}
    - target: {fileID: 1389438994888286488, guid: 2155bb2f27bd5d448a61429b8b9005ac,
        type: 3}
      propertyPath: m_LocalRotation.y
      value: 0.7071068
      objectReference: {fileID: 0}
    - target: {fileID: 1389438994888286488, guid: 2155bb2f27bd5d448a61429b8b9005ac,
        type: 3}
      propertyPath: m_LocalRotation.z
      value: -0
      objectReference: {fileID: 0}
    - target: {fileID: 1389438994888286488, guid: 2155bb2f27bd5d448a61429b8b9005ac,
        type: 3}
      propertyPath: m_LocalRotation.w
      value: 0.7071068
      objectReference: {fileID: 0}
    - target: {fileID: 1389438994888286488, guid: 2155bb2f27bd5d448a61429b8b9005ac,
        type: 3}
      propertyPath: m_RootOrder
      value: 9
      objectReference: {fileID: 0}
    - target: {fileID: 1389438994888286488, guid: 2155bb2f27bd5d448a61429b8b9005ac,
        type: 3}
      propertyPath: m_LocalEulerAnglesHint.x
      value: 0
      objectReference: {fileID: 0}
    - target: {fileID: 1389438994888286488, guid: 2155bb2f27bd5d448a61429b8b9005ac,
        type: 3}
      propertyPath: m_LocalEulerAnglesHint.y
      value: 90
      objectReference: {fileID: 0}
    - target: {fileID: 1389438994888286488, guid: 2155bb2f27bd5d448a61429b8b9005ac,
        type: 3}
      propertyPath: m_LocalEulerAnglesHint.z
      value: 0
      objectReference: {fileID: 0}
    - target: {fileID: 1389438994888286492, guid: 2155bb2f27bd5d448a61429b8b9005ac,
        type: 3}
      propertyPath: m_Name
      value: WalkawayLarge (8)
      objectReference: {fileID: 0}
    m_RemovedComponents: []
  m_SourcePrefab: {fileID: 100100000, guid: 2155bb2f27bd5d448a61429b8b9005ac, type: 3}
--- !u!4 &3718283785239675841 stripped
Transform:
  m_CorrespondingSourceObject: {fileID: 1389438994888286488, guid: 2155bb2f27bd5d448a61429b8b9005ac,
    type: 3}
  m_PrefabInstance: {fileID: 2364873591602422489}
  m_PrefabAsset: {fileID: 0}
--- !u!1001 &3633216998373066969
PrefabInstance:
  m_ObjectHideFlags: 0
  serializedVersion: 2
  m_Modification:
    m_TransformParent: {fileID: 796967960154105568}
    m_Modifications:
    - target: {fileID: 1389438994888286488, guid: 2155bb2f27bd5d448a61429b8b9005ac,
        type: 3}
      propertyPath: m_LocalPosition.x
      value: -18.17
      objectReference: {fileID: 0}
    - target: {fileID: 1389438994888286488, guid: 2155bb2f27bd5d448a61429b8b9005ac,
        type: 3}
      propertyPath: m_LocalPosition.y
      value: -0.1
      objectReference: {fileID: 0}
    - target: {fileID: 1389438994888286488, guid: 2155bb2f27bd5d448a61429b8b9005ac,
        type: 3}
      propertyPath: m_LocalPosition.z
      value: 29.7
      objectReference: {fileID: 0}
    - target: {fileID: 1389438994888286488, guid: 2155bb2f27bd5d448a61429b8b9005ac,
        type: 3}
      propertyPath: m_LocalRotation.x
      value: -0
      objectReference: {fileID: 0}
    - target: {fileID: 1389438994888286488, guid: 2155bb2f27bd5d448a61429b8b9005ac,
        type: 3}
      propertyPath: m_LocalRotation.y
      value: 0.7071068
      objectReference: {fileID: 0}
    - target: {fileID: 1389438994888286488, guid: 2155bb2f27bd5d448a61429b8b9005ac,
        type: 3}
      propertyPath: m_LocalRotation.z
      value: -0
      objectReference: {fileID: 0}
    - target: {fileID: 1389438994888286488, guid: 2155bb2f27bd5d448a61429b8b9005ac,
        type: 3}
      propertyPath: m_LocalRotation.w
      value: 0.7071068
      objectReference: {fileID: 0}
    - target: {fileID: 1389438994888286488, guid: 2155bb2f27bd5d448a61429b8b9005ac,
        type: 3}
      propertyPath: m_RootOrder
      value: 3
      objectReference: {fileID: 0}
    - target: {fileID: 1389438994888286488, guid: 2155bb2f27bd5d448a61429b8b9005ac,
        type: 3}
      propertyPath: m_LocalEulerAnglesHint.x
      value: 0
      objectReference: {fileID: 0}
    - target: {fileID: 1389438994888286488, guid: 2155bb2f27bd5d448a61429b8b9005ac,
        type: 3}
      propertyPath: m_LocalEulerAnglesHint.y
      value: 90
      objectReference: {fileID: 0}
    - target: {fileID: 1389438994888286488, guid: 2155bb2f27bd5d448a61429b8b9005ac,
        type: 3}
      propertyPath: m_LocalEulerAnglesHint.z
      value: 0
      objectReference: {fileID: 0}
    - target: {fileID: 1389438994888286492, guid: 2155bb2f27bd5d448a61429b8b9005ac,
        type: 3}
      propertyPath: m_Name
      value: WalkawayLarge (5)
      objectReference: {fileID: 0}
    m_RemovedComponents: []
  m_SourcePrefab: {fileID: 100100000, guid: 2155bb2f27bd5d448a61429b8b9005ac, type: 3}
--- !u!4 &2387894043978000833 stripped
Transform:
  m_CorrespondingSourceObject: {fileID: 1389438994888286488, guid: 2155bb2f27bd5d448a61429b8b9005ac,
    type: 3}
  m_PrefabInstance: {fileID: 3633216998373066969}
  m_PrefabAsset: {fileID: 0}
--- !u!1001 &5116418996080081040
PrefabInstance:
  m_ObjectHideFlags: 0
  serializedVersion: 2
  m_Modification:
    m_TransformParent: {fileID: 3487536264905381577}
    m_Modifications:
    - target: {fileID: 5142717569851275827, guid: 435de5921b3ab3c43bfc979f4d1024d1,
        type: 3}
      propertyPath: m_LocalPosition.x
      value: -34.449997
      objectReference: {fileID: 0}
    - target: {fileID: 5142717569851275827, guid: 435de5921b3ab3c43bfc979f4d1024d1,
        type: 3}
      propertyPath: m_LocalPosition.y
      value: 0
      objectReference: {fileID: 0}
    - target: {fileID: 5142717569851275827, guid: 435de5921b3ab3c43bfc979f4d1024d1,
        type: 3}
      propertyPath: m_LocalPosition.z
      value: 50.550003
      objectReference: {fileID: 0}
    - target: {fileID: 5142717569851275827, guid: 435de5921b3ab3c43bfc979f4d1024d1,
        type: 3}
      propertyPath: m_LocalRotation.x
      value: -0
      objectReference: {fileID: 0}
    - target: {fileID: 5142717569851275827, guid: 435de5921b3ab3c43bfc979f4d1024d1,
        type: 3}
      propertyPath: m_LocalRotation.y
      value: -0
      objectReference: {fileID: 0}
    - target: {fileID: 5142717569851275827, guid: 435de5921b3ab3c43bfc979f4d1024d1,
        type: 3}
      propertyPath: m_LocalRotation.z
      value: -0
      objectReference: {fileID: 0}
    - target: {fileID: 5142717569851275827, guid: 435de5921b3ab3c43bfc979f4d1024d1,
        type: 3}
      propertyPath: m_LocalRotation.w
      value: 1
      objectReference: {fileID: 0}
    - target: {fileID: 5142717569851275827, guid: 435de5921b3ab3c43bfc979f4d1024d1,
        type: 3}
      propertyPath: m_RootOrder
      value: 4
      objectReference: {fileID: 0}
    - target: {fileID: 5142717569851275827, guid: 435de5921b3ab3c43bfc979f4d1024d1,
        type: 3}
      propertyPath: m_LocalEulerAnglesHint.x
      value: 0
      objectReference: {fileID: 0}
    - target: {fileID: 5142717569851275827, guid: 435de5921b3ab3c43bfc979f4d1024d1,
        type: 3}
      propertyPath: m_LocalEulerAnglesHint.y
      value: 0
      objectReference: {fileID: 0}
    - target: {fileID: 5142717569851275827, guid: 435de5921b3ab3c43bfc979f4d1024d1,
        type: 3}
      propertyPath: m_LocalEulerAnglesHint.z
      value: 0
      objectReference: {fileID: 0}
    - target: {fileID: 5142717569851275831, guid: 435de5921b3ab3c43bfc979f4d1024d1,
        type: 3}
      propertyPath: m_Name
      value: PlaneWithSpawn (8)
      objectReference: {fileID: 0}
    m_RemovedComponents: []
  m_SourcePrefab: {fileID: 100100000, guid: 435de5921b3ab3c43bfc979f4d1024d1, type: 3}
--- !u!4 &26935397305860771 stripped
Transform:
  m_CorrespondingSourceObject: {fileID: 5142717569851275827, guid: 435de5921b3ab3c43bfc979f4d1024d1,
    type: 3}
  m_PrefabInstance: {fileID: 5116418996080081040}
  m_PrefabAsset: {fileID: 0}
--- !u!1001 &5448692173058030266
PrefabInstance:
  m_ObjectHideFlags: 0
  serializedVersion: 2
  m_Modification:
    m_TransformParent: {fileID: 3487536264905381577}
    m_Modifications:
    - target: {fileID: 5142717569851275827, guid: 435de5921b3ab3c43bfc979f4d1024d1,
        type: 3}
      propertyPath: m_LocalPosition.x
      value: -7.3
      objectReference: {fileID: 0}
    - target: {fileID: 5142717569851275827, guid: 435de5921b3ab3c43bfc979f4d1024d1,
        type: 3}
      propertyPath: m_LocalPosition.y
      value: 0
      objectReference: {fileID: 0}
    - target: {fileID: 5142717569851275827, guid: 435de5921b3ab3c43bfc979f4d1024d1,
        type: 3}
      propertyPath: m_LocalPosition.z
      value: 12
      objectReference: {fileID: 0}
    - target: {fileID: 5142717569851275827, guid: 435de5921b3ab3c43bfc979f4d1024d1,
        type: 3}
      propertyPath: m_LocalRotation.x
      value: -0
      objectReference: {fileID: 0}
    - target: {fileID: 5142717569851275827, guid: 435de5921b3ab3c43bfc979f4d1024d1,
        type: 3}
      propertyPath: m_LocalRotation.y
      value: -0
      objectReference: {fileID: 0}
    - target: {fileID: 5142717569851275827, guid: 435de5921b3ab3c43bfc979f4d1024d1,
        type: 3}
      propertyPath: m_LocalRotation.z
      value: -0
      objectReference: {fileID: 0}
    - target: {fileID: 5142717569851275827, guid: 435de5921b3ab3c43bfc979f4d1024d1,
        type: 3}
      propertyPath: m_LocalRotation.w
      value: 1
      objectReference: {fileID: 0}
    - target: {fileID: 5142717569851275827, guid: 435de5921b3ab3c43bfc979f4d1024d1,
        type: 3}
      propertyPath: m_RootOrder
      value: 2
      objectReference: {fileID: 0}
    - target: {fileID: 5142717569851275827, guid: 435de5921b3ab3c43bfc979f4d1024d1,
        type: 3}
      propertyPath: m_LocalEulerAnglesHint.x
      value: 0
      objectReference: {fileID: 0}
    - target: {fileID: 5142717569851275827, guid: 435de5921b3ab3c43bfc979f4d1024d1,
        type: 3}
      propertyPath: m_LocalEulerAnglesHint.y
      value: 0
      objectReference: {fileID: 0}
    - target: {fileID: 5142717569851275827, guid: 435de5921b3ab3c43bfc979f4d1024d1,
        type: 3}
      propertyPath: m_LocalEulerAnglesHint.z
      value: 0
      objectReference: {fileID: 0}
    - target: {fileID: 5142717569851275831, guid: 435de5921b3ab3c43bfc979f4d1024d1,
        type: 3}
      propertyPath: m_Name
      value: PlaneWithSpawn (4)
      objectReference: {fileID: 0}
    m_RemovedComponents: []
  m_SourcePrefab: {fileID: 100100000, guid: 435de5921b3ab3c43bfc979f4d1024d1, type: 3}
--- !u!4 &919647779015753865 stripped
Transform:
  m_CorrespondingSourceObject: {fileID: 5142717569851275827, guid: 435de5921b3ab3c43bfc979f4d1024d1,
    type: 3}
  m_PrefabInstance: {fileID: 5448692173058030266}
  m_PrefabAsset: {fileID: 0}
--- !u!1001 &5476696785192227791
PrefabInstance:
  m_ObjectHideFlags: 0
  serializedVersion: 2
  m_Modification:
    m_TransformParent: {fileID: 796967960154105568}
    m_Modifications:
    - target: {fileID: 1389438994888286488, guid: 2155bb2f27bd5d448a61429b8b9005ac,
        type: 3}
      propertyPath: m_LocalPosition.x
      value: -23.999998
      objectReference: {fileID: 0}
    - target: {fileID: 1389438994888286488, guid: 2155bb2f27bd5d448a61429b8b9005ac,
        type: 3}
      propertyPath: m_LocalPosition.y
      value: -0.1
      objectReference: {fileID: 0}
    - target: {fileID: 1389438994888286488, guid: 2155bb2f27bd5d448a61429b8b9005ac,
        type: 3}
      propertyPath: m_LocalPosition.z
      value: 29.2
      objectReference: {fileID: 0}
    - target: {fileID: 1389438994888286488, guid: 2155bb2f27bd5d448a61429b8b9005ac,
        type: 3}
      propertyPath: m_LocalRotation.x
      value: -0
      objectReference: {fileID: 0}
    - target: {fileID: 1389438994888286488, guid: 2155bb2f27bd5d448a61429b8b9005ac,
        type: 3}
      propertyPath: m_LocalRotation.y
      value: 0.7071068
      objectReference: {fileID: 0}
    - target: {fileID: 1389438994888286488, guid: 2155bb2f27bd5d448a61429b8b9005ac,
        type: 3}
      propertyPath: m_LocalRotation.z
      value: -0
      objectReference: {fileID: 0}
    - target: {fileID: 1389438994888286488, guid: 2155bb2f27bd5d448a61429b8b9005ac,
        type: 3}
      propertyPath: m_LocalRotation.w
      value: 0.7071068
      objectReference: {fileID: 0}
    - target: {fileID: 1389438994888286488, guid: 2155bb2f27bd5d448a61429b8b9005ac,
        type: 3}
      propertyPath: m_RootOrder
      value: 7
      objectReference: {fileID: 0}
    - target: {fileID: 1389438994888286488, guid: 2155bb2f27bd5d448a61429b8b9005ac,
        type: 3}
      propertyPath: m_LocalEulerAnglesHint.x
      value: 0
      objectReference: {fileID: 0}
    - target: {fileID: 1389438994888286488, guid: 2155bb2f27bd5d448a61429b8b9005ac,
        type: 3}
      propertyPath: m_LocalEulerAnglesHint.y
      value: 90
      objectReference: {fileID: 0}
    - target: {fileID: 1389438994888286488, guid: 2155bb2f27bd5d448a61429b8b9005ac,
        type: 3}
      propertyPath: m_LocalEulerAnglesHint.z
      value: 0
      objectReference: {fileID: 0}
    - target: {fileID: 1389438994888286492, guid: 2155bb2f27bd5d448a61429b8b9005ac,
        type: 3}
      propertyPath: m_Name
      value: WalkawayLarge (6)
      objectReference: {fileID: 0}
    m_RemovedComponents: []
  m_SourcePrefab: {fileID: 100100000, guid: 2155bb2f27bd5d448a61429b8b9005ac, type: 3}
--- !u!4 &6866131063422087895 stripped
Transform:
  m_CorrespondingSourceObject: {fileID: 1389438994888286488, guid: 2155bb2f27bd5d448a61429b8b9005ac,
    type: 3}
  m_PrefabInstance: {fileID: 5476696785192227791}
  m_PrefabAsset: {fileID: 0}
--- !u!1001 &5608913242424017972
PrefabInstance:
  m_ObjectHideFlags: 0
  serializedVersion: 2
  m_Modification:
    m_TransformParent: {fileID: 796967960154105568}
    m_Modifications:
    - target: {fileID: 1389438994888286488, guid: 2155bb2f27bd5d448a61429b8b9005ac,
        type: 3}
      propertyPath: m_LocalPosition.x
      value: -10.85
      objectReference: {fileID: 0}
    - target: {fileID: 1389438994888286488, guid: 2155bb2f27bd5d448a61429b8b9005ac,
        type: 3}
      propertyPath: m_LocalPosition.y
      value: -0.1
      objectReference: {fileID: 0}
    - target: {fileID: 1389438994888286488, guid: 2155bb2f27bd5d448a61429b8b9005ac,
        type: 3}
      propertyPath: m_LocalPosition.z
      value: 17.87
      objectReference: {fileID: 0}
    - target: {fileID: 1389438994888286488, guid: 2155bb2f27bd5d448a61429b8b9005ac,
        type: 3}
      propertyPath: m_LocalRotation.x
      value: -0
      objectReference: {fileID: 0}
    - target: {fileID: 1389438994888286488, guid: 2155bb2f27bd5d448a61429b8b9005ac,
        type: 3}
      propertyPath: m_LocalRotation.y
      value: 0.7071068
      objectReference: {fileID: 0}
    - target: {fileID: 1389438994888286488, guid: 2155bb2f27bd5d448a61429b8b9005ac,
        type: 3}
      propertyPath: m_LocalRotation.z
      value: -0
      objectReference: {fileID: 0}
    - target: {fileID: 1389438994888286488, guid: 2155bb2f27bd5d448a61429b8b9005ac,
        type: 3}
      propertyPath: m_LocalRotation.w
      value: 0.7071068
      objectReference: {fileID: 0}
    - target: {fileID: 1389438994888286488, guid: 2155bb2f27bd5d448a61429b8b9005ac,
        type: 3}
      propertyPath: m_RootOrder
      value: 2
      objectReference: {fileID: 0}
    - target: {fileID: 1389438994888286488, guid: 2155bb2f27bd5d448a61429b8b9005ac,
        type: 3}
      propertyPath: m_LocalEulerAnglesHint.x
      value: 0
      objectReference: {fileID: 0}
    - target: {fileID: 1389438994888286488, guid: 2155bb2f27bd5d448a61429b8b9005ac,
        type: 3}
      propertyPath: m_LocalEulerAnglesHint.y
      value: 90
      objectReference: {fileID: 0}
    - target: {fileID: 1389438994888286488, guid: 2155bb2f27bd5d448a61429b8b9005ac,
        type: 3}
      propertyPath: m_LocalEulerAnglesHint.z
      value: 0
      objectReference: {fileID: 0}
    - target: {fileID: 1389438994888286492, guid: 2155bb2f27bd5d448a61429b8b9005ac,
        type: 3}
      propertyPath: m_Name
      value: WalkawayLarge (3)
      objectReference: {fileID: 0}
    m_RemovedComponents: []
  m_SourcePrefab: {fileID: 100100000, guid: 2155bb2f27bd5d448a61429b8b9005ac, type: 3}
--- !u!4 &6818057890307204396 stripped
Transform:
  m_CorrespondingSourceObject: {fileID: 1389438994888286488, guid: 2155bb2f27bd5d448a61429b8b9005ac,
    type: 3}
  m_PrefabInstance: {fileID: 5608913242424017972}
  m_PrefabAsset: {fileID: 0}
--- !u!1001 &6190904771473491196
PrefabInstance:
  m_ObjectHideFlags: 0
  serializedVersion: 2
  m_Modification:
    m_TransformParent: {fileID: 796967960154105568}
    m_Modifications:
    - target: {fileID: 1389438994888286488, guid: 2155bb2f27bd5d448a61429b8b9005ac,
        type: 3}
      propertyPath: m_LocalPosition.x
      value: -30.97
      objectReference: {fileID: 0}
    - target: {fileID: 1389438994888286488, guid: 2155bb2f27bd5d448a61429b8b9005ac,
        type: 3}
      propertyPath: m_LocalPosition.y
      value: -0.1
      objectReference: {fileID: 0}
    - target: {fileID: 1389438994888286488, guid: 2155bb2f27bd5d448a61429b8b9005ac,
        type: 3}
      propertyPath: m_LocalPosition.z
      value: 44.65
      objectReference: {fileID: 0}
    - target: {fileID: 1389438994888286488, guid: 2155bb2f27bd5d448a61429b8b9005ac,
        type: 3}
      propertyPath: m_LocalRotation.x
      value: -0
      objectReference: {fileID: 0}
    - target: {fileID: 1389438994888286488, guid: 2155bb2f27bd5d448a61429b8b9005ac,
        type: 3}
      propertyPath: m_LocalRotation.y
      value: 0.7071068
      objectReference: {fileID: 0}
    - target: {fileID: 1389438994888286488, guid: 2155bb2f27bd5d448a61429b8b9005ac,
        type: 3}
      propertyPath: m_LocalRotation.z
      value: -0
      objectReference: {fileID: 0}
    - target: {fileID: 1389438994888286488, guid: 2155bb2f27bd5d448a61429b8b9005ac,
        type: 3}
      propertyPath: m_LocalRotation.w
      value: 0.7071068
      objectReference: {fileID: 0}
    - target: {fileID: 1389438994888286488, guid: 2155bb2f27bd5d448a61429b8b9005ac,
        type: 3}
      propertyPath: m_RootOrder
      value: 5
      objectReference: {fileID: 0}
    - target: {fileID: 1389438994888286488, guid: 2155bb2f27bd5d448a61429b8b9005ac,
        type: 3}
      propertyPath: m_LocalEulerAnglesHint.x
      value: 0
      objectReference: {fileID: 0}
    - target: {fileID: 1389438994888286488, guid: 2155bb2f27bd5d448a61429b8b9005ac,
        type: 3}
      propertyPath: m_LocalEulerAnglesHint.y
      value: 90
      objectReference: {fileID: 0}
    - target: {fileID: 1389438994888286488, guid: 2155bb2f27bd5d448a61429b8b9005ac,
        type: 3}
      propertyPath: m_LocalEulerAnglesHint.z
      value: 0
      objectReference: {fileID: 0}
    - target: {fileID: 1389438994888286492, guid: 2155bb2f27bd5d448a61429b8b9005ac,
        type: 3}
      propertyPath: m_Name
      value: WalkawayLarge (12)
      objectReference: {fileID: 0}
    m_RemovedComponents: []
  m_SourcePrefab: {fileID: 100100000, guid: 2155bb2f27bd5d448a61429b8b9005ac, type: 3}
--- !u!4 &5089846521757083108 stripped
Transform:
  m_CorrespondingSourceObject: {fileID: 1389438994888286488, guid: 2155bb2f27bd5d448a61429b8b9005ac,
    type: 3}
  m_PrefabInstance: {fileID: 6190904771473491196}
  m_PrefabAsset: {fileID: 0}
--- !u!1001 &6421261625838168362
PrefabInstance:
  m_ObjectHideFlags: 0
  serializedVersion: 2
  m_Modification:
    m_TransformParent: {fileID: 796967960154105568}
    m_Modifications:
    - target: {fileID: 1389438994888286488, guid: 2155bb2f27bd5d448a61429b8b9005ac,
        type: 3}
      propertyPath: m_LocalPosition.x
      value: -18.2
      objectReference: {fileID: 0}
    - target: {fileID: 1389438994888286488, guid: 2155bb2f27bd5d448a61429b8b9005ac,
        type: 3}
      propertyPath: m_LocalPosition.y
      value: -0.1
      objectReference: {fileID: 0}
    - target: {fileID: 1389438994888286488, guid: 2155bb2f27bd5d448a61429b8b9005ac,
        type: 3}
      propertyPath: m_LocalPosition.z
      value: 32.9
      objectReference: {fileID: 0}
    - target: {fileID: 1389438994888286488, guid: 2155bb2f27bd5d448a61429b8b9005ac,
        type: 3}
      propertyPath: m_LocalRotation.x
      value: -0
      objectReference: {fileID: 0}
    - target: {fileID: 1389438994888286488, guid: 2155bb2f27bd5d448a61429b8b9005ac,
        type: 3}
      propertyPath: m_LocalRotation.y
      value: 0.7071068
      objectReference: {fileID: 0}
    - target: {fileID: 1389438994888286488, guid: 2155bb2f27bd5d448a61429b8b9005ac,
        type: 3}
      propertyPath: m_LocalRotation.z
      value: -0
      objectReference: {fileID: 0}
    - target: {fileID: 1389438994888286488, guid: 2155bb2f27bd5d448a61429b8b9005ac,
        type: 3}
      propertyPath: m_LocalRotation.w
      value: 0.7071068
      objectReference: {fileID: 0}
    - target: {fileID: 1389438994888286488, guid: 2155bb2f27bd5d448a61429b8b9005ac,
        type: 3}
      propertyPath: m_RootOrder
      value: 8
      objectReference: {fileID: 0}
    - target: {fileID: 1389438994888286488, guid: 2155bb2f27bd5d448a61429b8b9005ac,
        type: 3}
      propertyPath: m_LocalEulerAnglesHint.x
      value: 0
      objectReference: {fileID: 0}
    - target: {fileID: 1389438994888286488, guid: 2155bb2f27bd5d448a61429b8b9005ac,
        type: 3}
      propertyPath: m_LocalEulerAnglesHint.y
      value: 90
      objectReference: {fileID: 0}
    - target: {fileID: 1389438994888286488, guid: 2155bb2f27bd5d448a61429b8b9005ac,
        type: 3}
      propertyPath: m_LocalEulerAnglesHint.z
      value: 0
      objectReference: {fileID: 0}
    - target: {fileID: 1389438994888286492, guid: 2155bb2f27bd5d448a61429b8b9005ac,
        type: 3}
      propertyPath: m_Name
      value: WalkawayLarge (7)
      objectReference: {fileID: 0}
    m_RemovedComponents: []
  m_SourcePrefab: {fileID: 100100000, guid: 2155bb2f27bd5d448a61429b8b9005ac, type: 3}
--- !u!4 &5356081822038624306 stripped
Transform:
  m_CorrespondingSourceObject: {fileID: 1389438994888286488, guid: 2155bb2f27bd5d448a61429b8b9005ac,
    type: 3}
  m_PrefabInstance: {fileID: 6421261625838168362}
  m_PrefabAsset: {fileID: 0}
--- !u!1001 &6512370171293016617
PrefabInstance:
  m_ObjectHideFlags: 0
  serializedVersion: 2
  m_Modification:
    m_TransformParent: {fileID: 417802175963057143}
    m_Modifications:
    - target: {fileID: 5412034048773273288, guid: caef01d5e52049b4bb8dc7e06ecbf336,
        type: 3}
      propertyPath: m_LocalPosition.x
      value: -21.5
      objectReference: {fileID: 0}
    - target: {fileID: 5412034048773273288, guid: caef01d5e52049b4bb8dc7e06ecbf336,
        type: 3}
      propertyPath: m_LocalPosition.y
      value: -2.824151
      objectReference: {fileID: 0}
    - target: {fileID: 5412034048773273288, guid: caef01d5e52049b4bb8dc7e06ecbf336,
        type: 3}
      propertyPath: m_LocalPosition.z
      value: 24.6
      objectReference: {fileID: 0}
    - target: {fileID: 5412034048773273288, guid: caef01d5e52049b4bb8dc7e06ecbf336,
        type: 3}
      propertyPath: m_LocalRotation.x
      value: -0
      objectReference: {fileID: 0}
    - target: {fileID: 5412034048773273288, guid: caef01d5e52049b4bb8dc7e06ecbf336,
        type: 3}
      propertyPath: m_LocalRotation.y
      value: -0
      objectReference: {fileID: 0}
    - target: {fileID: 5412034048773273288, guid: caef01d5e52049b4bb8dc7e06ecbf336,
        type: 3}
      propertyPath: m_LocalRotation.z
      value: -0
      objectReference: {fileID: 0}
    - target: {fileID: 5412034048773273288, guid: caef01d5e52049b4bb8dc7e06ecbf336,
        type: 3}
      propertyPath: m_LocalRotation.w
      value: 1
      objectReference: {fileID: 0}
    - target: {fileID: 5412034048773273288, guid: caef01d5e52049b4bb8dc7e06ecbf336,
        type: 3}
      propertyPath: m_RootOrder
      value: 0
      objectReference: {fileID: 0}
    - target: {fileID: 5412034048773273288, guid: caef01d5e52049b4bb8dc7e06ecbf336,
        type: 3}
      propertyPath: m_LocalEulerAnglesHint.x
      value: 0
      objectReference: {fileID: 0}
    - target: {fileID: 5412034048773273288, guid: caef01d5e52049b4bb8dc7e06ecbf336,
        type: 3}
      propertyPath: m_LocalEulerAnglesHint.y
      value: 0
      objectReference: {fileID: 0}
    - target: {fileID: 5412034048773273288, guid: caef01d5e52049b4bb8dc7e06ecbf336,
        type: 3}
      propertyPath: m_LocalEulerAnglesHint.z
      value: 0
      objectReference: {fileID: 0}
    - target: {fileID: 5412034048773273288, guid: caef01d5e52049b4bb8dc7e06ecbf336,
        type: 3}
      propertyPath: m_LocalScale.z
      value: 125
      objectReference: {fileID: 0}
    - target: {fileID: 5412034048773273288, guid: caef01d5e52049b4bb8dc7e06ecbf336,
        type: 3}
      propertyPath: m_LocalScale.x
      value: 125
      objectReference: {fileID: 0}
    - target: {fileID: 6312371041312316687, guid: caef01d5e52049b4bb8dc7e06ecbf336,
        type: 3}
      propertyPath: m_Name
      value: FallLimit
      objectReference: {fileID: 0}
    m_RemovedComponents: []
  m_SourcePrefab: {fileID: 100100000, guid: caef01d5e52049b4bb8dc7e06ecbf336, type: 3}
--- !u!4 &1259880216511517921 stripped
Transform:
  m_CorrespondingSourceObject: {fileID: 5412034048773273288, guid: caef01d5e52049b4bb8dc7e06ecbf336,
    type: 3}
  m_PrefabInstance: {fileID: 6512370171293016617}
  m_PrefabAsset: {fileID: 0}
--- !u!1001 &7982940502217729833
PrefabInstance:
  m_ObjectHideFlags: 0
  serializedVersion: 2
  m_Modification:
    m_TransformParent: {fileID: 796967960154105568}
    m_Modifications:
    - target: {fileID: 1389438994888286488, guid: 2155bb2f27bd5d448a61429b8b9005ac,
        type: 3}
      propertyPath: m_LocalPosition.x
      value: -23.9
      objectReference: {fileID: 0}
    - target: {fileID: 1389438994888286488, guid: 2155bb2f27bd5d448a61429b8b9005ac,
        type: 3}
      propertyPath: m_LocalPosition.y
      value: -0.1
      objectReference: {fileID: 0}
    - target: {fileID: 1389438994888286488, guid: 2155bb2f27bd5d448a61429b8b9005ac,
        type: 3}
      propertyPath: m_LocalPosition.z
      value: 32.9
      objectReference: {fileID: 0}
    - target: {fileID: 1389438994888286488, guid: 2155bb2f27bd5d448a61429b8b9005ac,
        type: 3}
      propertyPath: m_LocalRotation.x
      value: -0
      objectReference: {fileID: 0}
    - target: {fileID: 1389438994888286488, guid: 2155bb2f27bd5d448a61429b8b9005ac,
        type: 3}
      propertyPath: m_LocalRotation.y
      value: 0.7071068
      objectReference: {fileID: 0}
    - target: {fileID: 1389438994888286488, guid: 2155bb2f27bd5d448a61429b8b9005ac,
        type: 3}
      propertyPath: m_LocalRotation.z
      value: -0
      objectReference: {fileID: 0}
    - target: {fileID: 1389438994888286488, guid: 2155bb2f27bd5d448a61429b8b9005ac,
        type: 3}
      propertyPath: m_LocalRotation.w
      value: 0.7071068
      objectReference: {fileID: 0}
    - target: {fileID: 1389438994888286488, guid: 2155bb2f27bd5d448a61429b8b9005ac,
        type: 3}
      propertyPath: m_RootOrder
      value: 4
      objectReference: {fileID: 0}
    - target: {fileID: 1389438994888286488, guid: 2155bb2f27bd5d448a61429b8b9005ac,
        type: 3}
      propertyPath: m_LocalEulerAnglesHint.x
      value: 0
      objectReference: {fileID: 0}
    - target: {fileID: 1389438994888286488, guid: 2155bb2f27bd5d448a61429b8b9005ac,
        type: 3}
      propertyPath: m_LocalEulerAnglesHint.y
      value: 90
      objectReference: {fileID: 0}
    - target: {fileID: 1389438994888286488, guid: 2155bb2f27bd5d448a61429b8b9005ac,
        type: 3}
      propertyPath: m_LocalEulerAnglesHint.z
      value: 0
      objectReference: {fileID: 0}
    - target: {fileID: 1389438994888286492, guid: 2155bb2f27bd5d448a61429b8b9005ac,
        type: 3}
      propertyPath: m_Name
      value: WalkawayLarge (11)
      objectReference: {fileID: 0}
    m_RemovedComponents: []
  m_SourcePrefab: {fileID: 100100000, guid: 2155bb2f27bd5d448a61429b8b9005ac, type: 3}
--- !u!4 &9043612262868207153 stripped
Transform:
  m_CorrespondingSourceObject: {fileID: 1389438994888286488, guid: 2155bb2f27bd5d448a61429b8b9005ac,
    type: 3}
  m_PrefabInstance: {fileID: 7982940502217729833}
  m_PrefabAsset: {fileID: 0}
--- !u!1001 &8081825825018043868
PrefabInstance:
  m_ObjectHideFlags: 0
  serializedVersion: 2
  m_Modification:
    m_TransformParent: {fileID: 3487536264905381577}
    m_Modifications:
    - target: {fileID: 5142717569851275827, guid: 435de5921b3ab3c43bfc979f4d1024d1,
        type: 3}
      propertyPath: m_LocalPosition.x
      value: -14.51
      objectReference: {fileID: 0}
    - target: {fileID: 5142717569851275827, guid: 435de5921b3ab3c43bfc979f4d1024d1,
        type: 3}
      propertyPath: m_LocalPosition.y
      value: 0
      objectReference: {fileID: 0}
    - target: {fileID: 5142717569851275827, guid: 435de5921b3ab3c43bfc979f4d1024d1,
        type: 3}
      propertyPath: m_LocalPosition.z
      value: 23.73
      objectReference: {fileID: 0}
    - target: {fileID: 5142717569851275827, guid: 435de5921b3ab3c43bfc979f4d1024d1,
        type: 3}
      propertyPath: m_LocalRotation.x
      value: -0
      objectReference: {fileID: 0}
    - target: {fileID: 5142717569851275827, guid: 435de5921b3ab3c43bfc979f4d1024d1,
        type: 3}
      propertyPath: m_LocalRotation.y
      value: -0
      objectReference: {fileID: 0}
    - target: {fileID: 5142717569851275827, guid: 435de5921b3ab3c43bfc979f4d1024d1,
        type: 3}
      propertyPath: m_LocalRotation.z
      value: -0
      objectReference: {fileID: 0}
    - target: {fileID: 5142717569851275827, guid: 435de5921b3ab3c43bfc979f4d1024d1,
        type: 3}
      propertyPath: m_LocalRotation.w
      value: 1
      objectReference: {fileID: 0}
    - target: {fileID: 5142717569851275827, guid: 435de5921b3ab3c43bfc979f4d1024d1,
        type: 3}
      propertyPath: m_RootOrder
      value: 0
      objectReference: {fileID: 0}
    - target: {fileID: 5142717569851275827, guid: 435de5921b3ab3c43bfc979f4d1024d1,
        type: 3}
      propertyPath: m_LocalEulerAnglesHint.x
      value: 0
      objectReference: {fileID: 0}
    - target: {fileID: 5142717569851275827, guid: 435de5921b3ab3c43bfc979f4d1024d1,
        type: 3}
      propertyPath: m_LocalEulerAnglesHint.y
      value: 0
      objectReference: {fileID: 0}
    - target: {fileID: 5142717569851275827, guid: 435de5921b3ab3c43bfc979f4d1024d1,
        type: 3}
      propertyPath: m_LocalEulerAnglesHint.z
      value: 0
      objectReference: {fileID: 0}
    - target: {fileID: 5142717569851275831, guid: 435de5921b3ab3c43bfc979f4d1024d1,
        type: 3}
      propertyPath: m_Name
      value: PlaneWithSpawn (2)
      objectReference: {fileID: 0}
    m_RemovedComponents: []
  m_SourcePrefab: {fileID: 100100000, guid: 435de5921b3ab3c43bfc979f4d1024d1, type: 3}
--- !u!4 &3996649610807502831 stripped
Transform:
  m_CorrespondingSourceObject: {fileID: 5142717569851275827, guid: 435de5921b3ab3c43bfc979f4d1024d1,
    type: 3}
  m_PrefabInstance: {fileID: 8081825825018043868}
  m_PrefabAsset: {fileID: 0}
--- !u!1001 &8278030770601856453
PrefabInstance:
  m_ObjectHideFlags: 0
  serializedVersion: 2
  m_Modification:
    m_TransformParent: {fileID: 796967960154105568}
    m_Modifications:
    - target: {fileID: 624247825874133929, guid: fd6fe0f92adada043813c5e65264a10a,
        type: 3}
      propertyPath: m_Name
      value: WalkawayLarge
      objectReference: {fileID: 0}
    - target: {fileID: 624247825874133933, guid: fd6fe0f92adada043813c5e65264a10a,
        type: 3}
      propertyPath: m_LocalPosition.x
      value: 0
      objectReference: {fileID: 0}
    - target: {fileID: 624247825874133933, guid: fd6fe0f92adada043813c5e65264a10a,
        type: 3}
      propertyPath: m_LocalPosition.y
      value: 0
      objectReference: {fileID: 0}
    - target: {fileID: 624247825874133933, guid: fd6fe0f92adada043813c5e65264a10a,
        type: 3}
      propertyPath: m_LocalPosition.z
      value: -5.89
      objectReference: {fileID: 0}
    - target: {fileID: 624247825874133933, guid: fd6fe0f92adada043813c5e65264a10a,
        type: 3}
      propertyPath: m_LocalRotation.x
      value: -0
      objectReference: {fileID: 0}
    - target: {fileID: 624247825874133933, guid: fd6fe0f92adada043813c5e65264a10a,
        type: 3}
      propertyPath: m_LocalRotation.y
      value: 0.7071068
      objectReference: {fileID: 0}
    - target: {fileID: 624247825874133933, guid: fd6fe0f92adada043813c5e65264a10a,
        type: 3}
      propertyPath: m_LocalRotation.z
      value: -0
      objectReference: {fileID: 0}
    - target: {fileID: 624247825874133933, guid: fd6fe0f92adada043813c5e65264a10a,
        type: 3}
      propertyPath: m_LocalRotation.w
      value: 0.7071068
      objectReference: {fileID: 0}
    - target: {fileID: 624247825874133933, guid: fd6fe0f92adada043813c5e65264a10a,
        type: 3}
      propertyPath: m_RootOrder
      value: 0
      objectReference: {fileID: 0}
    - target: {fileID: 624247825874133933, guid: fd6fe0f92adada043813c5e65264a10a,
        type: 3}
      propertyPath: m_LocalEulerAnglesHint.x
      value: 0
      objectReference: {fileID: 0}
    - target: {fileID: 624247825874133933, guid: fd6fe0f92adada043813c5e65264a10a,
        type: 3}
      propertyPath: m_LocalEulerAnglesHint.y
      value: 90
      objectReference: {fileID: 0}
    - target: {fileID: 624247825874133933, guid: fd6fe0f92adada043813c5e65264a10a,
        type: 3}
      propertyPath: m_LocalEulerAnglesHint.z
      value: 0
      objectReference: {fileID: 0}
    - target: {fileID: 624247825874133933, guid: fd6fe0f92adada043813c5e65264a10a,
        type: 3}
      propertyPath: m_LocalScale.x
      value: 0.20000003
      objectReference: {fileID: 0}
    m_RemovedComponents: []
  m_SourcePrefab: {fileID: 100100000, guid: fd6fe0f92adada043813c5e65264a10a, type: 3}
--- !u!4 &8811502916452200040 stripped
Transform:
  m_CorrespondingSourceObject: {fileID: 624247825874133933, guid: fd6fe0f92adada043813c5e65264a10a,
    type: 3}
  m_PrefabInstance: {fileID: 8278030770601856453}
  m_PrefabAsset: {fileID: 0}
--- !u!1001 &8966473940072962758
PrefabInstance:
  m_ObjectHideFlags: 0
  serializedVersion: 2
  m_Modification:
    m_TransformParent: {fileID: 796967960154105568}
    m_Modifications:
    - target: {fileID: 1389438994888286488, guid: 2155bb2f27bd5d448a61429b8b9005ac,
        type: 3}
      propertyPath: m_LocalPosition.x
      value: -3.53
      objectReference: {fileID: 0}
    - target: {fileID: 1389438994888286488, guid: 2155bb2f27bd5d448a61429b8b9005ac,
        type: 3}
      propertyPath: m_LocalPosition.y
      value: -0.1
      objectReference: {fileID: 0}
    - target: {fileID: 1389438994888286488, guid: 2155bb2f27bd5d448a61429b8b9005ac,
        type: 3}
      propertyPath: m_LocalPosition.z
      value: 6.04
      objectReference: {fileID: 0}
    - target: {fileID: 1389438994888286488, guid: 2155bb2f27bd5d448a61429b8b9005ac,
        type: 3}
      propertyPath: m_LocalRotation.x
      value: -0
      objectReference: {fileID: 0}
    - target: {fileID: 1389438994888286488, guid: 2155bb2f27bd5d448a61429b8b9005ac,
        type: 3}
      propertyPath: m_LocalRotation.y
      value: 0.7071068
      objectReference: {fileID: 0}
    - target: {fileID: 1389438994888286488, guid: 2155bb2f27bd5d448a61429b8b9005ac,
        type: 3}
      propertyPath: m_LocalRotation.z
      value: -0
      objectReference: {fileID: 0}
    - target: {fileID: 1389438994888286488, guid: 2155bb2f27bd5d448a61429b8b9005ac,
        type: 3}
      propertyPath: m_LocalRotation.w
      value: 0.7071068
      objectReference: {fileID: 0}
    - target: {fileID: 1389438994888286488, guid: 2155bb2f27bd5d448a61429b8b9005ac,
        type: 3}
      propertyPath: m_RootOrder
      value: 1
      objectReference: {fileID: 0}
    - target: {fileID: 1389438994888286488, guid: 2155bb2f27bd5d448a61429b8b9005ac,
        type: 3}
      propertyPath: m_LocalEulerAnglesHint.x
      value: 0
      objectReference: {fileID: 0}
    - target: {fileID: 1389438994888286488, guid: 2155bb2f27bd5d448a61429b8b9005ac,
        type: 3}
      propertyPath: m_LocalEulerAnglesHint.y
      value: 90
      objectReference: {fileID: 0}
    - target: {fileID: 1389438994888286488, guid: 2155bb2f27bd5d448a61429b8b9005ac,
        type: 3}
      propertyPath: m_LocalEulerAnglesHint.z
      value: 0
      objectReference: {fileID: 0}
    - target: {fileID: 1389438994888286492, guid: 2155bb2f27bd5d448a61429b8b9005ac,
        type: 3}
      propertyPath: m_Name
      value: WalkawayLarge (1)
      objectReference: {fileID: 0}
    m_RemovedComponents: []
  m_SourcePrefab: {fileID: 100100000, guid: 2155bb2f27bd5d448a61429b8b9005ac, type: 3}
--- !u!4 &8009396772109351902 stripped
Transform:
  m_CorrespondingSourceObject: {fileID: 1389438994888286488, guid: 2155bb2f27bd5d448a61429b8b9005ac,
    type: 3}
  m_PrefabInstance: {fileID: 8966473940072962758}
  m_PrefabAsset: {fileID: 0}
--- !u!1001 &9195782403053809979
PrefabInstance:
  m_ObjectHideFlags: 0
  serializedVersion: 2
  m_Modification:
    m_TransformParent: {fileID: 796967960154105568}
    m_Modifications:
    - target: {fileID: 1389438994888286488, guid: 2155bb2f27bd5d448a61429b8b9005ac,
        type: 3}
      propertyPath: m_LocalPosition.x
      value: -31.3
      objectReference: {fileID: 0}
    - target: {fileID: 1389438994888286488, guid: 2155bb2f27bd5d448a61429b8b9005ac,
        type: 3}
      propertyPath: m_LocalPosition.y
      value: -0.1
      objectReference: {fileID: 0}
    - target: {fileID: 1389438994888286488, guid: 2155bb2f27bd5d448a61429b8b9005ac,
        type: 3}
      propertyPath: m_LocalPosition.z
      value: 17.6
      objectReference: {fileID: 0}
    - target: {fileID: 1389438994888286488, guid: 2155bb2f27bd5d448a61429b8b9005ac,
        type: 3}
      propertyPath: m_LocalRotation.x
      value: -0
      objectReference: {fileID: 0}
    - target: {fileID: 1389438994888286488, guid: 2155bb2f27bd5d448a61429b8b9005ac,
        type: 3}
      propertyPath: m_LocalRotation.y
      value: 0.7071068
      objectReference: {fileID: 0}
    - target: {fileID: 1389438994888286488, guid: 2155bb2f27bd5d448a61429b8b9005ac,
        type: 3}
      propertyPath: m_LocalRotation.z
      value: -0
      objectReference: {fileID: 0}
    - target: {fileID: 1389438994888286488, guid: 2155bb2f27bd5d448a61429b8b9005ac,
        type: 3}
      propertyPath: m_LocalRotation.w
      value: 0.7071068
      objectReference: {fileID: 0}
    - target: {fileID: 1389438994888286488, guid: 2155bb2f27bd5d448a61429b8b9005ac,
        type: 3}
      propertyPath: m_RootOrder
      value: 6
      objectReference: {fileID: 0}
    - target: {fileID: 1389438994888286488, guid: 2155bb2f27bd5d448a61429b8b9005ac,
        type: 3}
      propertyPath: m_LocalEulerAnglesHint.x
      value: 0
      objectReference: {fileID: 0}
    - target: {fileID: 1389438994888286488, guid: 2155bb2f27bd5d448a61429b8b9005ac,
        type: 3}
      propertyPath: m_LocalEulerAnglesHint.y
      value: 90
      objectReference: {fileID: 0}
    - target: {fileID: 1389438994888286488, guid: 2155bb2f27bd5d448a61429b8b9005ac,
        type: 3}
      propertyPath: m_LocalEulerAnglesHint.z
      value: 0
      objectReference: {fileID: 0}
    - target: {fileID: 1389438994888286492, guid: 2155bb2f27bd5d448a61429b8b9005ac,
        type: 3}
      propertyPath: m_Name
      value: WalkawayLarge (4)
      objectReference: {fileID: 0}
    m_RemovedComponents: []
  m_SourcePrefab: {fileID: 100100000, guid: 2155bb2f27bd5d448a61429b8b9005ac, type: 3}
--- !u!4 &7842381277837332515 stripped
Transform:
  m_CorrespondingSourceObject: {fileID: 1389438994888286488, guid: 2155bb2f27bd5d448a61429b8b9005ac,
    type: 3}
  m_PrefabInstance: {fileID: 9195782403053809979}
  m_PrefabAsset: {fileID: 0}
