%YAML 1.1
%TAG !u! tag:unity3d.com,2011:
--- !u!1 &370427439041861385
GameObject:
  m_ObjectHideFlags: 0
  m_CorrespondingSourceObject: {fileID: 0}
  m_PrefabInstance: {fileID: 0}
  m_PrefabAsset: {fileID: 0}
  serializedVersion: 6
  m_Component:
  - component: {fileID: 3487536264905381577}
  m_Layer: 0
  m_Name: Plateforms
  m_TagString: Untagged
  m_Icon: {fileID: 0}
  m_NavMeshLayer: 0
  m_StaticEditorFlags: 0
  m_IsActive: 1
--- !u!4 &3487536264905381577
Transform:
  m_ObjectHideFlags: 0
  m_CorrespondingSourceObject: {fileID: 0}
  m_PrefabInstance: {fileID: 0}
  m_PrefabAsset: {fileID: 0}
  m_GameObject: {fileID: 370427439041861385}
  m_LocalRotation: {x: 0, y: 0, z: 0, w: 1}
  m_LocalPosition: {x: 0, y: 0, z: 0}
  m_LocalScale: {x: 1, y: 1, z: 1}
  m_Children:
  - {fileID: 3309710136424723651}
  - {fileID: 3996649610807502831}
  - {fileID: 8214700607005768941}
  - {fileID: 3671962583570678719}
  - {fileID: 4903753607597423494}
  - {fileID: 7830244848119587262}
  - {fileID: 1228208107145184439}
  m_Father: {fileID: 417802175963057143}
  m_RootOrder: 2
  m_LocalEulerAnglesHint: {x: 0, y: 0, z: 0}
--- !u!1 &8028202828597695184
GameObject:
  m_ObjectHideFlags: 0
  m_CorrespondingSourceObject: {fileID: 0}
  m_PrefabInstance: {fileID: 0}
  m_PrefabAsset: {fileID: 0}
  serializedVersion: 6
  m_Component:
  - component: {fileID: 796967960154105568}
  m_Layer: 0
  m_Name: Bridges
  m_TagString: Untagged
  m_Icon: {fileID: 0}
  m_NavMeshLayer: 0
  m_StaticEditorFlags: 0
  m_IsActive: 1
--- !u!4 &796967960154105568
Transform:
  m_ObjectHideFlags: 0
  m_CorrespondingSourceObject: {fileID: 0}
  m_PrefabInstance: {fileID: 0}
  m_PrefabAsset: {fileID: 0}
  m_GameObject: {fileID: 8028202828597695184}
  m_LocalRotation: {x: 0, y: 0, z: 0, w: 1}
  m_LocalPosition: {x: 0, y: 0, z: 0}
  m_LocalScale: {x: 1, y: 1, z: 1}
  m_Children:
  - {fileID: 8811502916452200040}
  - {fileID: 8840292899869696289}
  - {fileID: 4365797424786524553}
  - {fileID: 5914689224030612744}
  - {fileID: 102062991573683393}
  - {fileID: 481173195328120904}
  - {fileID: 4700806518961664616}
  - {fileID: 7998305452732835568}
  m_Father: {fileID: 417802175963057143}
  m_RootOrder: 3
  m_LocalEulerAnglesHint: {x: 0, y: 0, z: 0}
--- !u!1 &8383464836584250931
GameObject:
  m_ObjectHideFlags: 0
  m_CorrespondingSourceObject: {fileID: 0}
  m_PrefabInstance: {fileID: 0}
  m_PrefabAsset: {fileID: 0}
  serializedVersion: 6
  m_Component:
  - component: {fileID: 417802175963057143}
  - component: {fileID: 8188257294850334695}
  m_Layer: 0
  m_Name: level(1)
  m_TagString: SB_LevelScript
  m_Icon: {fileID: 0}
  m_NavMeshLayer: 0
  m_StaticEditorFlags: 0
  m_IsActive: 1
--- !u!4 &417802175963057143
Transform:
  m_ObjectHideFlags: 0
  m_CorrespondingSourceObject: {fileID: 0}
  m_PrefabInstance: {fileID: 0}
  m_PrefabAsset: {fileID: 0}
  m_GameObject: {fileID: 8383464836584250931}
  m_LocalRotation: {x: -0, y: -0, z: -0, w: 1}
  m_LocalPosition: {x: 24, y: 0, z: 9}
  m_LocalScale: {x: 1, y: 1, z: 1}
  m_Children:
  - {fileID: 1259880216511517921}
  - {fileID: 8155986412811492954}
  - {fileID: 3487536264905381577}
  - {fileID: 796967960154105568}
  m_Father: {fileID: 0}
  m_RootOrder: 0
  m_LocalEulerAnglesHint: {x: 0, y: 0, z: 0}
--- !u!114 &8188257294850334695
MonoBehaviour:
  m_ObjectHideFlags: 0
  m_CorrespondingSourceObject: {fileID: 0}
  m_PrefabInstance: {fileID: 0}
  m_PrefabAsset: {fileID: 0}
  m_GameObject: {fileID: 8383464836584250931}
  m_Enabled: 1
  m_EditorHideFlags: 0
  m_Script: {fileID: 11500000, guid: a1c1849648488c04cbba80b44672eeb4, type: 3}
  m_Name: 
  m_EditorClassIdentifier: 
  mRandomSpawnRangeMin: 1
  mRandomSpawnRangeMax: 3
  mGoodVictimSpeed: 3.5
  mGoodVictimFleeSpeed: 0.5
  mBadVictimSpeed: 3.5
  mBadVictimChaseSpeed: 3.5
--- !u!1001 &239600682725228981
PrefabInstance:
  m_ObjectHideFlags: 0
  serializedVersion: 2
  m_Modification:
    m_TransformParent: {fileID: 3487536264905381577}
    m_Modifications:
    - target: {fileID: 5142717569851275827, guid: 435de5921b3ab3c43bfc979f4d1024d1,
        type: 3}
      propertyPath: m_LocalPosition.x
      value: 0
      objectReference: {fileID: 0}
    - target: {fileID: 5142717569851275827, guid: 435de5921b3ab3c43bfc979f4d1024d1,
        type: 3}
      propertyPath: m_LocalPosition.y
      value: 0
      objectReference: {fileID: 0}
    - target: {fileID: 5142717569851275827, guid: 435de5921b3ab3c43bfc979f4d1024d1,
        type: 3}
      propertyPath: m_LocalPosition.z
      value: 0.1
      objectReference: {fileID: 0}
    - target: {fileID: 5142717569851275827, guid: 435de5921b3ab3c43bfc979f4d1024d1,
        type: 3}
      propertyPath: m_LocalRotation.x
      value: -0
      objectReference: {fileID: 0}
    - target: {fileID: 5142717569851275827, guid: 435de5921b3ab3c43bfc979f4d1024d1,
        type: 3}
      propertyPath: m_LocalRotation.y
      value: -0
      objectReference: {fileID: 0}
    - target: {fileID: 5142717569851275827, guid: 435de5921b3ab3c43bfc979f4d1024d1,
        type: 3}
      propertyPath: m_LocalRotation.z
      value: -0
      objectReference: {fileID: 0}
    - target: {fileID: 5142717569851275827, guid: 435de5921b3ab3c43bfc979f4d1024d1,
        type: 3}
      propertyPath: m_LocalRotation.w
      value: 1
      objectReference: {fileID: 0}
    - target: {fileID: 5142717569851275827, guid: 435de5921b3ab3c43bfc979f4d1024d1,
        type: 3}
      propertyPath: m_RootOrder
      value: 4
      objectReference: {fileID: 0}
    - target: {fileID: 5142717569851275827, guid: 435de5921b3ab3c43bfc979f4d1024d1,
        type: 3}
      propertyPath: m_LocalEulerAnglesHint.x
      value: 0
      objectReference: {fileID: 0}
    - target: {fileID: 5142717569851275827, guid: 435de5921b3ab3c43bfc979f4d1024d1,
        type: 3}
      propertyPath: m_LocalEulerAnglesHint.y
      value: 0
      objectReference: {fileID: 0}
    - target: {fileID: 5142717569851275827, guid: 435de5921b3ab3c43bfc979f4d1024d1,
        type: 3}
      propertyPath: m_LocalEulerAnglesHint.z
      value: 0
      objectReference: {fileID: 0}
    - target: {fileID: 5142717569851275831, guid: 435de5921b3ab3c43bfc979f4d1024d1,
        type: 3}
      propertyPath: m_Name
      value: PlaneWithSpawn (5)
      objectReference: {fileID: 0}
    m_RemovedComponents: []
  m_SourcePrefab: {fileID: 100100000, guid: 435de5921b3ab3c43bfc979f4d1024d1, type: 3}
--- !u!4 &4903753607597423494 stripped
Transform:
  m_CorrespondingSourceObject: {fileID: 5142717569851275827, guid: 435de5921b3ab3c43bfc979f4d1024d1,
    type: 3}
  m_PrefabInstance: {fileID: 239600682725228981}
  m_PrefabAsset: {fileID: 0}
--- !u!1001 &445986225679411578
PrefabInstance:
  m_ObjectHideFlags: 0
  serializedVersion: 2
  m_Modification:
    m_TransformParent: {fileID: 417802175963057143}
    m_Modifications:
    - target: {fileID: 8583742648728958752, guid: 0183d36225bb3054aa831560f46e6bb1,
        type: 3}
      propertyPath: m_LocalPosition.x
      value: 11.7
      objectReference: {fileID: 0}
    - target: {fileID: 8583742648728958752, guid: 0183d36225bb3054aa831560f46e6bb1,
        type: 3}
      propertyPath: m_LocalPosition.y
      value: 48.8
      objectReference: {fileID: 0}
    - target: {fileID: 8583742648728958752, guid: 0183d36225bb3054aa831560f46e6bb1,
        type: 3}
      propertyPath: m_LocalPosition.z
      value: 10.3
      objectReference: {fileID: 0}
    - target: {fileID: 8583742648728958752, guid: 0183d36225bb3054aa831560f46e6bb1,
        type: 3}
      propertyPath: m_LocalRotation.x
      value: 0.7071068
      objectReference: {fileID: 0}
    - target: {fileID: 8583742648728958752, guid: 0183d36225bb3054aa831560f46e6bb1,
        type: 3}
      propertyPath: m_LocalRotation.y
      value: -0
      objectReference: {fileID: 0}
    - target: {fileID: 8583742648728958752, guid: 0183d36225bb3054aa831560f46e6bb1,
        type: 3}
      propertyPath: m_LocalRotation.z
      value: -0
      objectReference: {fileID: 0}
    - target: {fileID: 8583742648728958752, guid: 0183d36225bb3054aa831560f46e6bb1,
        type: 3}
      propertyPath: m_LocalRotation.w
      value: 0.7071068
      objectReference: {fileID: 0}
    - target: {fileID: 8583742648728958752, guid: 0183d36225bb3054aa831560f46e6bb1,
        type: 3}
      propertyPath: m_RootOrder
      value: 1
      objectReference: {fileID: 0}
    - target: {fileID: 8583742648728958752, guid: 0183d36225bb3054aa831560f46e6bb1,
        type: 3}
      propertyPath: m_LocalEulerAnglesHint.x
      value: 90
      objectReference: {fileID: 0}
    - target: {fileID: 8583742648728958752, guid: 0183d36225bb3054aa831560f46e6bb1,
        type: 3}
      propertyPath: m_LocalEulerAnglesHint.y
      value: 0
      objectReference: {fileID: 0}
    - target: {fileID: 8583742648728958752, guid: 0183d36225bb3054aa831560f46e6bb1,
        type: 3}
      propertyPath: m_LocalEulerAnglesHint.z
      value: 0
      objectReference: {fileID: 0}
    - target: {fileID: 8583742648728958765, guid: 0183d36225bb3054aa831560f46e6bb1,
        type: 3}
      propertyPath: m_Name
      value: CameraSecondary
      objectReference: {fileID: 0}
    m_RemovedComponents: []
  m_SourcePrefab: {fileID: 100100000, guid: 0183d36225bb3054aa831560f46e6bb1, type: 3}
--- !u!4 &8155986412811492954 stripped
Transform:
  m_CorrespondingSourceObject: {fileID: 8583742648728958752, guid: 0183d36225bb3054aa831560f46e6bb1,
    type: 3}
  m_PrefabInstance: {fileID: 445986225679411578}
  m_PrefabAsset: {fileID: 0}
--- !u!1001 &703511344300633964
PrefabInstance:
  m_ObjectHideFlags: 0
  serializedVersion: 2
  m_Modification:
    m_TransformParent: {fileID: 796967960154105568}
    m_Modifications:
    - target: {fileID: 624247825874133929, guid: fd6fe0f92adada043813c5e65264a10a,
        type: 3}
      propertyPath: m_Name
      value: WalkawayLarge (3)
      objectReference: {fileID: 0}
    - target: {fileID: 624247825874133933, guid: fd6fe0f92adada043813c5e65264a10a,
        type: 3}
      propertyPath: m_LocalPosition.x
      value: 23.54
      objectReference: {fileID: 0}
    - target: {fileID: 624247825874133933, guid: fd6fe0f92adada043813c5e65264a10a,
        type: 3}
      propertyPath: m_LocalPosition.y
      value: 0
      objectReference: {fileID: 0}
    - target: {fileID: 624247825874133933, guid: fd6fe0f92adada043813c5e65264a10a,
        type: 3}
      propertyPath: m_LocalPosition.z
      value: 17.66
      objectReference: {fileID: 0}
    - target: {fileID: 624247825874133933, guid: fd6fe0f92adada043813c5e65264a10a,
        type: 3}
      propertyPath: m_LocalRotation.x
      value: -0
      objectReference: {fileID: 0}
    - target: {fileID: 624247825874133933, guid: fd6fe0f92adada043813c5e65264a10a,
        type: 3}
      propertyPath: m_LocalRotation.y
      value: 0.7071068
      objectReference: {fileID: 0}
    - target: {fileID: 624247825874133933, guid: fd6fe0f92adada043813c5e65264a10a,
        type: 3}
      propertyPath: m_LocalRotation.z
      value: -0
      objectReference: {fileID: 0}
    - target: {fileID: 624247825874133933, guid: fd6fe0f92adada043813c5e65264a10a,
        type: 3}
      propertyPath: m_LocalRotation.w
      value: 0.7071068
      objectReference: {fileID: 0}
    - target: {fileID: 624247825874133933, guid: fd6fe0f92adada043813c5e65264a10a,
        type: 3}
      propertyPath: m_RootOrder
      value: 4
      objectReference: {fileID: 0}
    - target: {fileID: 624247825874133933, guid: fd6fe0f92adada043813c5e65264a10a,
        type: 3}
      propertyPath: m_LocalEulerAnglesHint.x
      value: 0
      objectReference: {fileID: 0}
    - target: {fileID: 624247825874133933, guid: fd6fe0f92adada043813c5e65264a10a,
        type: 3}
      propertyPath: m_LocalEulerAnglesHint.y
      value: 90
      objectReference: {fileID: 0}
    - target: {fileID: 624247825874133933, guid: fd6fe0f92adada043813c5e65264a10a,
        type: 3}
      propertyPath: m_LocalEulerAnglesHint.z
      value: 0
      objectReference: {fileID: 0}
    - target: {fileID: 624247825874133933, guid: fd6fe0f92adada043813c5e65264a10a,
        type: 3}
      propertyPath: m_LocalScale.x
      value: 0.20000003
      objectReference: {fileID: 0}
    m_RemovedComponents: []
  m_SourcePrefab: {fileID: 100100000, guid: fd6fe0f92adada043813c5e65264a10a, type: 3}
--- !u!4 &102062991573683393 stripped
Transform:
  m_CorrespondingSourceObject: {fileID: 624247825874133933, guid: fd6fe0f92adada043813c5e65264a10a,
    type: 3}
  m_PrefabInstance: {fileID: 703511344300633964}
  m_PrefabAsset: {fileID: 0}
--- !u!1001 &1010141604145613797
PrefabInstance:
  m_ObjectHideFlags: 0
  serializedVersion: 2
  m_Modification:
    m_TransformParent: {fileID: 796967960154105568}
    m_Modifications:
    - target: {fileID: 624247825874133929, guid: fd6fe0f92adada043813c5e65264a10a,
        type: 3}
      propertyPath: m_Name
      value: WalkawayLarge (4)
      objectReference: {fileID: 0}
    - target: {fileID: 624247825874133933, guid: fd6fe0f92adada043813c5e65264a10a,
        type: 3}
      propertyPath: m_LocalPosition.x
      value: 23.45
      objectReference: {fileID: 0}
    - target: {fileID: 624247825874133933, guid: fd6fe0f92adada043813c5e65264a10a,
        type: 3}
      propertyPath: m_LocalPosition.y
      value: 0
      objectReference: {fileID: 0}
    - target: {fileID: 624247825874133933, guid: fd6fe0f92adada043813c5e65264a10a,
        type: 3}
      propertyPath: m_LocalPosition.z
      value: 6.03
      objectReference: {fileID: 0}
    - target: {fileID: 624247825874133933, guid: fd6fe0f92adada043813c5e65264a10a,
        type: 3}
      propertyPath: m_LocalRotation.x
      value: -0
      objectReference: {fileID: 0}
    - target: {fileID: 624247825874133933, guid: fd6fe0f92adada043813c5e65264a10a,
        type: 3}
      propertyPath: m_LocalRotation.y
      value: 0.7071068
      objectReference: {fileID: 0}
    - target: {fileID: 624247825874133933, guid: fd6fe0f92adada043813c5e65264a10a,
        type: 3}
      propertyPath: m_LocalRotation.z
      value: -0
      objectReference: {fileID: 0}
    - target: {fileID: 624247825874133933, guid: fd6fe0f92adada043813c5e65264a10a,
        type: 3}
      propertyPath: m_LocalRotation.w
      value: 0.7071068
      objectReference: {fileID: 0}
    - target: {fileID: 624247825874133933, guid: fd6fe0f92adada043813c5e65264a10a,
        type: 3}
      propertyPath: m_RootOrder
      value: 5
      objectReference: {fileID: 0}
    - target: {fileID: 624247825874133933, guid: fd6fe0f92adada043813c5e65264a10a,
        type: 3}
      propertyPath: m_LocalEulerAnglesHint.x
      value: 0
      objectReference: {fileID: 0}
    - target: {fileID: 624247825874133933, guid: fd6fe0f92adada043813c5e65264a10a,
        type: 3}
      propertyPath: m_LocalEulerAnglesHint.y
      value: 90
      objectReference: {fileID: 0}
    - target: {fileID: 624247825874133933, guid: fd6fe0f92adada043813c5e65264a10a,
        type: 3}
      propertyPath: m_LocalEulerAnglesHint.z
      value: 0
      objectReference: {fileID: 0}
    - target: {fileID: 624247825874133933, guid: fd6fe0f92adada043813c5e65264a10a,
        type: 3}
      propertyPath: m_LocalScale.x
      value: 0.20000003
      objectReference: {fileID: 0}
    m_RemovedComponents: []
  m_SourcePrefab: {fileID: 100100000, guid: fd6fe0f92adada043813c5e65264a10a, type: 3}
--- !u!4 &481173195328120904 stripped
Transform:
  m_CorrespondingSourceObject: {fileID: 624247825874133933, guid: fd6fe0f92adada043813c5e65264a10a,
    type: 3}
  m_PrefabInstance: {fileID: 1010141604145613797}
  m_PrefabAsset: {fileID: 0}
--- !u!1001 &3167161188713044877
PrefabInstance:
  m_ObjectHideFlags: 0
  serializedVersion: 2
  m_Modification:
    m_TransformParent: {fileID: 3487536264905381577}
    m_Modifications:
    - target: {fileID: 5142717569851275827, guid: 435de5921b3ab3c43bfc979f4d1024d1,
        type: 3}
      propertyPath: m_LocalPosition.x
      value: 23.8
      objectReference: {fileID: 0}
    - target: {fileID: 5142717569851275827, guid: 435de5921b3ab3c43bfc979f4d1024d1,
        type: 3}
      propertyPath: m_LocalPosition.y
      value: 0
      objectReference: {fileID: 0}
    - target: {fileID: 5142717569851275827, guid: 435de5921b3ab3c43bfc979f4d1024d1,
        type: 3}
      propertyPath: m_LocalPosition.z
      value: 0.1
      objectReference: {fileID: 0}
    - target: {fileID: 5142717569851275827, guid: 435de5921b3ab3c43bfc979f4d1024d1,
        type: 3}
      propertyPath: m_LocalRotation.x
      value: -0
      objectReference: {fileID: 0}
    - target: {fileID: 5142717569851275827, guid: 435de5921b3ab3c43bfc979f4d1024d1,
        type: 3}
      propertyPath: m_LocalRotation.y
      value: -0
      objectReference: {fileID: 0}
    - target: {fileID: 5142717569851275827, guid: 435de5921b3ab3c43bfc979f4d1024d1,
        type: 3}
      propertyPath: m_LocalRotation.z
      value: -0
      objectReference: {fileID: 0}
    - target: {fileID: 5142717569851275827, guid: 435de5921b3ab3c43bfc979f4d1024d1,
        type: 3}
      propertyPath: m_LocalRotation.w
      value: 1
      objectReference: {fileID: 0}
    - target: {fileID: 5142717569851275827, guid: 435de5921b3ab3c43bfc979f4d1024d1,
        type: 3}
      propertyPath: m_RootOrder
      value: 5
      objectReference: {fileID: 0}
    - target: {fileID: 5142717569851275827, guid: 435de5921b3ab3c43bfc979f4d1024d1,
        type: 3}
      propertyPath: m_LocalEulerAnglesHint.x
      value: 0
      objectReference: {fileID: 0}
    - target: {fileID: 5142717569851275827, guid: 435de5921b3ab3c43bfc979f4d1024d1,
        type: 3}
      propertyPath: m_LocalEulerAnglesHint.y
      value: 0
      objectReference: {fileID: 0}
    - target: {fileID: 5142717569851275827, guid: 435de5921b3ab3c43bfc979f4d1024d1,
        type: 3}
      propertyPath: m_LocalEulerAnglesHint.z
      value: 0
      objectReference: {fileID: 0}
    - target: {fileID: 5142717569851275831, guid: 435de5921b3ab3c43bfc979f4d1024d1,
        type: 3}
      propertyPath: m_Name
      value: PlaneWithSpawn (6)
      objectReference: {fileID: 0}
    m_RemovedComponents: []
  m_SourcePrefab: {fileID: 100100000, guid: 435de5921b3ab3c43bfc979f4d1024d1, type: 3}
--- !u!4 &7830244848119587262 stripped
Transform:
  m_CorrespondingSourceObject: {fileID: 5142717569851275827, guid: 435de5921b3ab3c43bfc979f4d1024d1,
    type: 3}
  m_PrefabInstance: {fileID: 3167161188713044877}
  m_PrefabAsset: {fileID: 0}
--- !u!1001 &3764916617595513380
PrefabInstance:
  m_ObjectHideFlags: 0
  serializedVersion: 2
  m_Modification:
    m_TransformParent: {fileID: 796967960154105568}
    m_Modifications:
    - target: {fileID: 624247825874133929, guid: fd6fe0f92adada043813c5e65264a10a,
        type: 3}
      propertyPath: m_Name
      value: WalkawayLarge (1)
      objectReference: {fileID: 0}
    - target: {fileID: 624247825874133933, guid: fd6fe0f92adada043813c5e65264a10a,
        type: 3}
      propertyPath: m_LocalPosition.x
      value: 0
      objectReference: {fileID: 0}
    - target: {fileID: 624247825874133933, guid: fd6fe0f92adada043813c5e65264a10a,
        type: 3}
      propertyPath: m_LocalPosition.y
      value: 0
      objectReference: {fileID: 0}
    - target: {fileID: 624247825874133933, guid: fd6fe0f92adada043813c5e65264a10a,
        type: 3}
      propertyPath: m_LocalPosition.z
      value: 5.84
      objectReference: {fileID: 0}
    - target: {fileID: 624247825874133933, guid: fd6fe0f92adada043813c5e65264a10a,
        type: 3}
      propertyPath: m_LocalRotation.x
      value: -0
      objectReference: {fileID: 0}
    - target: {fileID: 624247825874133933, guid: fd6fe0f92adada043813c5e65264a10a,
        type: 3}
      propertyPath: m_LocalRotation.y
      value: 0.7071068
      objectReference: {fileID: 0}
    - target: {fileID: 624247825874133933, guid: fd6fe0f92adada043813c5e65264a10a,
        type: 3}
      propertyPath: m_LocalRotation.z
      value: -0
      objectReference: {fileID: 0}
    - target: {fileID: 624247825874133933, guid: fd6fe0f92adada043813c5e65264a10a,
        type: 3}
      propertyPath: m_LocalRotation.w
      value: 0.7071068
      objectReference: {fileID: 0}
    - target: {fileID: 624247825874133933, guid: fd6fe0f92adada043813c5e65264a10a,
        type: 3}
      propertyPath: m_RootOrder
      value: 2
      objectReference: {fileID: 0}
    - target: {fileID: 624247825874133933, guid: fd6fe0f92adada043813c5e65264a10a,
        type: 3}
      propertyPath: m_LocalEulerAnglesHint.x
      value: 0
      objectReference: {fileID: 0}
    - target: {fileID: 624247825874133933, guid: fd6fe0f92adada043813c5e65264a10a,
        type: 3}
      propertyPath: m_LocalEulerAnglesHint.y
      value: 90
      objectReference: {fileID: 0}
    - target: {fileID: 624247825874133933, guid: fd6fe0f92adada043813c5e65264a10a,
        type: 3}
      propertyPath: m_LocalEulerAnglesHint.z
      value: 0
      objectReference: {fileID: 0}
    - target: {fileID: 624247825874133933, guid: fd6fe0f92adada043813c5e65264a10a,
        type: 3}
      propertyPath: m_LocalScale.x
      value: 0.20000003
      objectReference: {fileID: 0}
    m_RemovedComponents: []
  m_SourcePrefab: {fileID: 100100000, guid: fd6fe0f92adada043813c5e65264a10a, type: 3}
--- !u!4 &4365797424786524553 stripped
Transform:
  m_CorrespondingSourceObject: {fileID: 624247825874133933, guid: fd6fe0f92adada043813c5e65264a10a,
    type: 3}
  m_PrefabInstance: {fileID: 3764916617595513380}
  m_PrefabAsset: {fileID: 0}
--- !u!1001 &3845758299335460574
PrefabInstance:
  m_ObjectHideFlags: 0
  serializedVersion: 2
  m_Modification:
    m_TransformParent: {fileID: 3487536264905381577}
    m_Modifications:
    - target: {fileID: 5142717569851275827, guid: 435de5921b3ab3c43bfc979f4d1024d1,
        type: 3}
      propertyPath: m_LocalPosition.x
      value: 23.699997
      objectReference: {fileID: 0}
    - target: {fileID: 5142717569851275827, guid: 435de5921b3ab3c43bfc979f4d1024d1,
        type: 3}
      propertyPath: m_LocalPosition.y
      value: 0
      objectReference: {fileID: 0}
    - target: {fileID: 5142717569851275827, guid: 435de5921b3ab3c43bfc979f4d1024d1,
        type: 3}
      propertyPath: m_LocalPosition.z
      value: 23.650002
      objectReference: {fileID: 0}
    - target: {fileID: 5142717569851275827, guid: 435de5921b3ab3c43bfc979f4d1024d1,
        type: 3}
      propertyPath: m_LocalRotation.x
      value: -0
      objectReference: {fileID: 0}
    - target: {fileID: 5142717569851275827, guid: 435de5921b3ab3c43bfc979f4d1024d1,
        type: 3}
      propertyPath: m_LocalRotation.y
      value: -0
      objectReference: {fileID: 0}
    - target: {fileID: 5142717569851275827, guid: 435de5921b3ab3c43bfc979f4d1024d1,
        type: 3}
      propertyPath: m_LocalRotation.z
      value: -0
      objectReference: {fileID: 0}
    - target: {fileID: 5142717569851275827, guid: 435de5921b3ab3c43bfc979f4d1024d1,
        type: 3}
      propertyPath: m_LocalRotation.w
      value: 1
      objectReference: {fileID: 0}
    - target: {fileID: 5142717569851275827, guid: 435de5921b3ab3c43bfc979f4d1024d1,
        type: 3}
      propertyPath: m_RootOrder
      value: 2
      objectReference: {fileID: 0}
    - target: {fileID: 5142717569851275827, guid: 435de5921b3ab3c43bfc979f4d1024d1,
        type: 3}
      propertyPath: m_LocalEulerAnglesHint.x
      value: 0
      objectReference: {fileID: 0}
    - target: {fileID: 5142717569851275827, guid: 435de5921b3ab3c43bfc979f4d1024d1,
        type: 3}
      propertyPath: m_LocalEulerAnglesHint.y
      value: 0
      objectReference: {fileID: 0}
    - target: {fileID: 5142717569851275827, guid: 435de5921b3ab3c43bfc979f4d1024d1,
        type: 3}
      propertyPath: m_LocalEulerAnglesHint.z
      value: 0
      objectReference: {fileID: 0}
    - target: {fileID: 5142717569851275831, guid: 435de5921b3ab3c43bfc979f4d1024d1,
        type: 3}
      propertyPath: m_Name
      value: PlaneWithSpawn (3)
      objectReference: {fileID: 0}
    m_RemovedComponents: []
  m_SourcePrefab: {fileID: 100100000, guid: 435de5921b3ab3c43bfc979f4d1024d1, type: 3}
--- !u!4 &8214700607005768941 stripped
Transform:
  m_CorrespondingSourceObject: {fileID: 5142717569851275827, guid: 435de5921b3ab3c43bfc979f4d1024d1,
    type: 3}
  m_PrefabInstance: {fileID: 3845758299335460574}
  m_PrefabAsset: {fileID: 0}
--- !u!1001 &5302241480013074885
PrefabInstance:
  m_ObjectHideFlags: 0
  serializedVersion: 2
  m_Modification:
    m_TransformParent: {fileID: 796967960154105568}
    m_Modifications:
    - target: {fileID: 624247825874133929, guid: fd6fe0f92adada043813c5e65264a10a,
        type: 3}
      propertyPath: m_Name
      value: WalkawayLarge (5)
      objectReference: {fileID: 0}
    - target: {fileID: 624247825874133933, guid: fd6fe0f92adada043813c5e65264a10a,
        type: 3}
      propertyPath: m_LocalPosition.x
      value: 5.94
      objectReference: {fileID: 0}
    - target: {fileID: 624247825874133933, guid: fd6fe0f92adada043813c5e65264a10a,
        type: 3}
      propertyPath: m_LocalPosition.y
      value: 0
      objectReference: {fileID: 0}
    - target: {fileID: 624247825874133933, guid: fd6fe0f92adada043813c5e65264a10a,
        type: 3}
      propertyPath: m_LocalPosition.z
      value: 23.62
      objectReference: {fileID: 0}
    - target: {fileID: 624247825874133933, guid: fd6fe0f92adada043813c5e65264a10a,
        type: 3}
      propertyPath: m_LocalRotation.x
      value: 0
      objectReference: {fileID: 0}
    - target: {fileID: 624247825874133933, guid: fd6fe0f92adada043813c5e65264a10a,
        type: 3}
      propertyPath: m_LocalRotation.y
      value: 0
      objectReference: {fileID: 0}
    - target: {fileID: 624247825874133933, guid: fd6fe0f92adada043813c5e65264a10a,
        type: 3}
      propertyPath: m_LocalRotation.z
      value: 0
      objectReference: {fileID: 0}
    - target: {fileID: 624247825874133933, guid: fd6fe0f92adada043813c5e65264a10a,
        type: 3}
      propertyPath: m_LocalRotation.w
      value: 1
      objectReference: {fileID: 0}
    - target: {fileID: 624247825874133933, guid: fd6fe0f92adada043813c5e65264a10a,
        type: 3}
      propertyPath: m_RootOrder
      value: 6
      objectReference: {fileID: 0}
    - target: {fileID: 624247825874133933, guid: fd6fe0f92adada043813c5e65264a10a,
        type: 3}
      propertyPath: m_LocalEulerAnglesHint.x
      value: 0
      objectReference: {fileID: 0}
    - target: {fileID: 624247825874133933, guid: fd6fe0f92adada043813c5e65264a10a,
        type: 3}
      propertyPath: m_LocalEulerAnglesHint.y
      value: 0
      objectReference: {fileID: 0}
    - target: {fileID: 624247825874133933, guid: fd6fe0f92adada043813c5e65264a10a,
        type: 3}
      propertyPath: m_LocalEulerAnglesHint.z
      value: 0
      objectReference: {fileID: 0}
    - target: {fileID: 624247825874133933, guid: fd6fe0f92adada043813c5e65264a10a,
        type: 3}
      propertyPath: m_LocalScale.x
      value: 0.20000003
      objectReference: {fileID: 0}
    m_RemovedComponents: []
  m_SourcePrefab: {fileID: 100100000, guid: fd6fe0f92adada043813c5e65264a10a, type: 3}
--- !u!4 &4700806518961664616 stripped
Transform:
  m_CorrespondingSourceObject: {fileID: 624247825874133933, guid: fd6fe0f92adada043813c5e65264a10a,
    type: 3}
  m_PrefabInstance: {fileID: 5302241480013074885}
  m_PrefabAsset: {fileID: 0}
--- !u!1001 &5637105313876152304
PrefabInstance:
  m_ObjectHideFlags: 0
  serializedVersion: 2
  m_Modification:
    m_TransformParent: {fileID: 796967960154105568}
    m_Modifications:
    - target: {fileID: 3788656379366616785, guid: 6b9bc3a9a32665449becbe0afb5cebbc,
        type: 3}
      propertyPath: m_LocalPosition.x
      value: 11.84
      objectReference: {fileID: 0}
    - target: {fileID: 3788656379366616785, guid: 6b9bc3a9a32665449becbe0afb5cebbc,
        type: 3}
      propertyPath: m_LocalPosition.y
      value: 0
      objectReference: {fileID: 0}
    - target: {fileID: 3788656379366616785, guid: 6b9bc3a9a32665449becbe0afb5cebbc,
        type: 3}
      propertyPath: m_LocalPosition.z
      value: 11.9
      objectReference: {fileID: 0}
    - target: {fileID: 3788656379366616785, guid: 6b9bc3a9a32665449becbe0afb5cebbc,
        type: 3}
      propertyPath: m_LocalRotation.x
      value: -0
      objectReference: {fileID: 0}
    - target: {fileID: 3788656379366616785, guid: 6b9bc3a9a32665449becbe0afb5cebbc,
        type: 3}
      propertyPath: m_LocalRotation.y
      value: -0
      objectReference: {fileID: 0}
    - target: {fileID: 3788656379366616785, guid: 6b9bc3a9a32665449becbe0afb5cebbc,
        type: 3}
      propertyPath: m_LocalRotation.z
      value: -0
      objectReference: {fileID: 0}
    - target: {fileID: 3788656379366616785, guid: 6b9bc3a9a32665449becbe0afb5cebbc,
        type: 3}
      propertyPath: m_LocalRotation.w
      value: 1
      objectReference: {fileID: 0}
    - target: {fileID: 3788656379366616785, guid: 6b9bc3a9a32665449becbe0afb5cebbc,
        type: 3}
      propertyPath: m_RootOrder
      value: 1
      objectReference: {fileID: 0}
    - target: {fileID: 3788656379366616785, guid: 6b9bc3a9a32665449becbe0afb5cebbc,
        type: 3}
      propertyPath: m_LocalEulerAnglesHint.x
      value: 0
      objectReference: {fileID: 0}
    - target: {fileID: 3788656379366616785, guid: 6b9bc3a9a32665449becbe0afb5cebbc,
        type: 3}
      propertyPath: m_LocalEulerAnglesHint.y
      value: 0
      objectReference: {fileID: 0}
    - target: {fileID: 3788656379366616785, guid: 6b9bc3a9a32665449becbe0afb5cebbc,
        type: 3}
      propertyPath: m_LocalEulerAnglesHint.z
      value: 0
      objectReference: {fileID: 0}
    - target: {fileID: 3788656379366616785, guid: 6b9bc3a9a32665449becbe0afb5cebbc,
        type: 3}
      propertyPath: m_LocalScale.x
      value: 1.4
      objectReference: {fileID: 0}
    - target: {fileID: 3788656379366616789, guid: 6b9bc3a9a32665449becbe0afb5cebbc,
        type: 3}
      propertyPath: m_Name
      value: BridgeLarge
      objectReference: {fileID: 0}
    m_RemovedComponents: []
  m_SourcePrefab: {fileID: 100100000, guid: 6b9bc3a9a32665449becbe0afb5cebbc, type: 3}
--- !u!4 &8840292899869696289 stripped
Transform:
  m_CorrespondingSourceObject: {fileID: 3788656379366616785, guid: 6b9bc3a9a32665449becbe0afb5cebbc,
    type: 3}
  m_PrefabInstance: {fileID: 5637105313876152304}
  m_PrefabAsset: {fileID: 0}
--- !u!1001 &6221127661993983620
PrefabInstance:
  m_ObjectHideFlags: 0
  serializedVersion: 2
  m_Modification:
    m_TransformParent: {fileID: 3487536264905381577}
    m_Modifications:
    - target: {fileID: 5142717569851275827, guid: 435de5921b3ab3c43bfc979f4d1024d1,
        type: 3}
      propertyPath: m_LocalPosition.x
      value: 11.82
      objectReference: {fileID: 0}
    - target: {fileID: 5142717569851275827, guid: 435de5921b3ab3c43bfc979f4d1024d1,
        type: 3}
      propertyPath: m_LocalPosition.y
      value: 0
      objectReference: {fileID: 0}
    - target: {fileID: 5142717569851275827, guid: 435de5921b3ab3c43bfc979f4d1024d1,
        type: 3}
      propertyPath: m_LocalPosition.z
      value: 23.650002
      objectReference: {fileID: 0}
    - target: {fileID: 5142717569851275827, guid: 435de5921b3ab3c43bfc979f4d1024d1,
        type: 3}
      propertyPath: m_LocalRotation.x
      value: -0
      objectReference: {fileID: 0}
    - target: {fileID: 5142717569851275827, guid: 435de5921b3ab3c43bfc979f4d1024d1,
        type: 3}
      propertyPath: m_LocalRotation.y
      value: -0
      objectReference: {fileID: 0}
    - target: {fileID: 5142717569851275827, guid: 435de5921b3ab3c43bfc979f4d1024d1,
        type: 3}
      propertyPath: m_LocalRotation.z
      value: -0
      objectReference: {fileID: 0}
    - target: {fileID: 5142717569851275827, guid: 435de5921b3ab3c43bfc979f4d1024d1,
        type: 3}
      propertyPath: m_LocalRotation.w
      value: 1
      objectReference: {fileID: 0}
    - target: {fileID: 5142717569851275827, guid: 435de5921b3ab3c43bfc979f4d1024d1,
        type: 3}
      propertyPath: m_RootOrder
      value: 6
      objectReference: {fileID: 0}
    - target: {fileID: 5142717569851275827, guid: 435de5921b3ab3c43bfc979f4d1024d1,
        type: 3}
      propertyPath: m_LocalEulerAnglesHint.x
      value: 0
      objectReference: {fileID: 0}
    - target: {fileID: 5142717569851275827, guid: 435de5921b3ab3c43bfc979f4d1024d1,
        type: 3}
      propertyPath: m_LocalEulerAnglesHint.y
      value: 0
      objectReference: {fileID: 0}
    - target: {fileID: 5142717569851275827, guid: 435de5921b3ab3c43bfc979f4d1024d1,
        type: 3}
      propertyPath: m_LocalEulerAnglesHint.z
      value: 0
      objectReference: {fileID: 0}
    - target: {fileID: 5142717569851275831, guid: 435de5921b3ab3c43bfc979f4d1024d1,
        type: 3}
      propertyPath: m_Name
      value: PlaneWithSpawn (7)
      objectReference: {fileID: 0}
    m_RemovedComponents: []
  m_SourcePrefab: {fileID: 100100000, guid: 435de5921b3ab3c43bfc979f4d1024d1, type: 3}
--- !u!4 &1228208107145184439 stripped
Transform:
  m_CorrespondingSourceObject: {fileID: 5142717569851275827, guid: 435de5921b3ab3c43bfc979f4d1024d1,
    type: 3}
  m_PrefabInstance: {fileID: 6221127661993983620}
  m_PrefabAsset: {fileID: 0}
--- !u!1001 &6512370171293016617
PrefabInstance:
  m_ObjectHideFlags: 0
  serializedVersion: 2
  m_Modification:
    m_TransformParent: {fileID: 417802175963057143}
    m_Modifications:
    - target: {fileID: 5412034048773273288, guid: caef01d5e52049b4bb8dc7e06ecbf336,
        type: 3}
      propertyPath: m_LocalPosition.x
      value: 11.3
      objectReference: {fileID: 0}
    - target: {fileID: 5412034048773273288, guid: caef01d5e52049b4bb8dc7e06ecbf336,
        type: 3}
      propertyPath: m_LocalPosition.y
      value: -2.824151
      objectReference: {fileID: 0}
    - target: {fileID: 5412034048773273288, guid: caef01d5e52049b4bb8dc7e06ecbf336,
        type: 3}
      propertyPath: m_LocalPosition.z
      value: 12.1
      objectReference: {fileID: 0}
    - target: {fileID: 5412034048773273288, guid: caef01d5e52049b4bb8dc7e06ecbf336,
        type: 3}
      propertyPath: m_LocalRotation.x
      value: -0
      objectReference: {fileID: 0}
    - target: {fileID: 5412034048773273288, guid: caef01d5e52049b4bb8dc7e06ecbf336,
        type: 3}
      propertyPath: m_LocalRotation.y
      value: -0
      objectReference: {fileID: 0}
    - target: {fileID: 5412034048773273288, guid: caef01d5e52049b4bb8dc7e06ecbf336,
        type: 3}
      propertyPath: m_LocalRotation.z
      value: -0
      objectReference: {fileID: 0}
    - target: {fileID: 5412034048773273288, guid: caef01d5e52049b4bb8dc7e06ecbf336,
        type: 3}
      propertyPath: m_LocalRotation.w
      value: 1
      objectReference: {fileID: 0}
    - target: {fileID: 5412034048773273288, guid: caef01d5e52049b4bb8dc7e06ecbf336,
        type: 3}
      propertyPath: m_RootOrder
      value: 0
      objectReference: {fileID: 0}
    - target: {fileID: 5412034048773273288, guid: caef01d5e52049b4bb8dc7e06ecbf336,
        type: 3}
      propertyPath: m_LocalEulerAnglesHint.x
      value: 0
      objectReference: {fileID: 0}
    - target: {fileID: 5412034048773273288, guid: caef01d5e52049b4bb8dc7e06ecbf336,
        type: 3}
      propertyPath: m_LocalEulerAnglesHint.y
      value: 0
      objectReference: {fileID: 0}
    - target: {fileID: 5412034048773273288, guid: caef01d5e52049b4bb8dc7e06ecbf336,
        type: 3}
      propertyPath: m_LocalEulerAnglesHint.z
      value: 0
      objectReference: {fileID: 0}
    - target: {fileID: 5412034048773273288, guid: caef01d5e52049b4bb8dc7e06ecbf336,
        type: 3}
      propertyPath: m_LocalScale.z
      value: 75
      objectReference: {fileID: 0}
    - target: {fileID: 5412034048773273288, guid: caef01d5e52049b4bb8dc7e06ecbf336,
        type: 3}
      propertyPath: m_LocalScale.x
      value: 75
      objectReference: {fileID: 0}
    - target: {fileID: 6312371041312316687, guid: caef01d5e52049b4bb8dc7e06ecbf336,
        type: 3}
      propertyPath: m_Name
      value: FallLimit
      objectReference: {fileID: 0}
    m_RemovedComponents: []
  m_SourcePrefab: {fileID: 100100000, guid: caef01d5e52049b4bb8dc7e06ecbf336, type: 3}
--- !u!4 &1259880216511517921 stripped
Transform:
  m_CorrespondingSourceObject: {fileID: 5412034048773273288, guid: caef01d5e52049b4bb8dc7e06ecbf336,
    type: 3}
  m_PrefabInstance: {fileID: 6512370171293016617}
  m_PrefabAsset: {fileID: 0}
--- !u!1001 &6538369675831889573
PrefabInstance:
  m_ObjectHideFlags: 0
  serializedVersion: 2
  m_Modification:
    m_TransformParent: {fileID: 796967960154105568}
    m_Modifications:
    - target: {fileID: 624247825874133929, guid: fd6fe0f92adada043813c5e65264a10a,
        type: 3}
      propertyPath: m_Name
      value: WalkawayLarge (2)
      objectReference: {fileID: 0}
    - target: {fileID: 624247825874133933, guid: fd6fe0f92adada043813c5e65264a10a,
        type: 3}
      propertyPath: m_LocalPosition.x
      value: 0
      objectReference: {fileID: 0}
    - target: {fileID: 624247825874133933, guid: fd6fe0f92adada043813c5e65264a10a,
        type: 3}
      propertyPath: m_LocalPosition.y
      value: 0
      objectReference: {fileID: 0}
    - target: {fileID: 624247825874133933, guid: fd6fe0f92adada043813c5e65264a10a,
        type: 3}
      propertyPath: m_LocalPosition.z
      value: 17.66
      objectReference: {fileID: 0}
    - target: {fileID: 624247825874133933, guid: fd6fe0f92adada043813c5e65264a10a,
        type: 3}
      propertyPath: m_LocalRotation.x
      value: -0
      objectReference: {fileID: 0}
    - target: {fileID: 624247825874133933, guid: fd6fe0f92adada043813c5e65264a10a,
        type: 3}
      propertyPath: m_LocalRotation.y
      value: 0.7071068
      objectReference: {fileID: 0}
    - target: {fileID: 624247825874133933, guid: fd6fe0f92adada043813c5e65264a10a,
        type: 3}
      propertyPath: m_LocalRotation.z
      value: -0
      objectReference: {fileID: 0}
    - target: {fileID: 624247825874133933, guid: fd6fe0f92adada043813c5e65264a10a,
        type: 3}
      propertyPath: m_LocalRotation.w
      value: 0.7071068
      objectReference: {fileID: 0}
    - target: {fileID: 624247825874133933, guid: fd6fe0f92adada043813c5e65264a10a,
        type: 3}
      propertyPath: m_RootOrder
      value: 3
      objectReference: {fileID: 0}
    - target: {fileID: 624247825874133933, guid: fd6fe0f92adada043813c5e65264a10a,
        type: 3}
      propertyPath: m_LocalEulerAnglesHint.x
      value: 0
      objectReference: {fileID: 0}
    - target: {fileID: 624247825874133933, guid: fd6fe0f92adada043813c5e65264a10a,
        type: 3}
      propertyPath: m_LocalEulerAnglesHint.y
      value: 90
      objectReference: {fileID: 0}
    - target: {fileID: 624247825874133933, guid: fd6fe0f92adada043813c5e65264a10a,
        type: 3}
      propertyPath: m_LocalEulerAnglesHint.z
      value: 0
      objectReference: {fileID: 0}
    - target: {fileID: 624247825874133933, guid: fd6fe0f92adada043813c5e65264a10a,
        type: 3}
      propertyPath: m_LocalScale.x
      value: 0.20000003
      objectReference: {fileID: 0}
    m_RemovedComponents: []
  m_SourcePrefab: {fileID: 100100000, guid: fd6fe0f92adada043813c5e65264a10a, type: 3}
--- !u!4 &5914689224030612744 stripped
Transform:
  m_CorrespondingSourceObject: {fileID: 624247825874133933, guid: fd6fe0f92adada043813c5e65264a10a,
    type: 3}
  m_PrefabInstance: {fileID: 6538369675831889573}
  m_PrefabAsset: {fileID: 0}
--- !u!1001 &7374211704784962909
PrefabInstance:
  m_ObjectHideFlags: 0
  serializedVersion: 2
  m_Modification:
    m_TransformParent: {fileID: 796967960154105568}
    m_Modifications:
    - target: {fileID: 624247825874133929, guid: fd6fe0f92adada043813c5e65264a10a,
        type: 3}
      propertyPath: m_Name
      value: WalkawayLarge (6)
      objectReference: {fileID: 0}
    - target: {fileID: 624247825874133933, guid: fd6fe0f92adada043813c5e65264a10a,
        type: 3}
      propertyPath: m_LocalPosition.x
      value: 17.7
      objectReference: {fileID: 0}
    - target: {fileID: 624247825874133933, guid: fd6fe0f92adada043813c5e65264a10a,
        type: 3}
      propertyPath: m_LocalPosition.y
      value: 0
      objectReference: {fileID: 0}
    - target: {fileID: 624247825874133933, guid: fd6fe0f92adada043813c5e65264a10a,
        type: 3}
      propertyPath: m_LocalPosition.z
      value: 23.62
      objectReference: {fileID: 0}
    - target: {fileID: 624247825874133933, guid: fd6fe0f92adada043813c5e65264a10a,
        type: 3}
      propertyPath: m_LocalRotation.x
      value: 0
      objectReference: {fileID: 0}
    - target: {fileID: 624247825874133933, guid: fd6fe0f92adada043813c5e65264a10a,
        type: 3}
      propertyPath: m_LocalRotation.y
      value: 0
      objectReference: {fileID: 0}
    - target: {fileID: 624247825874133933, guid: fd6fe0f92adada043813c5e65264a10a,
        type: 3}
      propertyPath: m_LocalRotation.z
      value: 0
      objectReference: {fileID: 0}
    - target: {fileID: 624247825874133933, guid: fd6fe0f92adada043813c5e65264a10a,
        type: 3}
      propertyPath: m_LocalRotation.w
      value: 1
      objectReference: {fileID: 0}
    - target: {fileID: 624247825874133933, guid: fd6fe0f92adada043813c5e65264a10a,
        type: 3}
      propertyPath: m_RootOrder
      value: 7
      objectReference: {fileID: 0}
    - target: {fileID: 624247825874133933, guid: fd6fe0f92adada043813c5e65264a10a,
        type: 3}
      propertyPath: m_LocalEulerAnglesHint.x
      value: 0
      objectReference: {fileID: 0}
    - target: {fileID: 624247825874133933, guid: fd6fe0f92adada043813c5e65264a10a,
        type: 3}
      propertyPath: m_LocalEulerAnglesHint.y
      value: 0
      objectReference: {fileID: 0}
    - target: {fileID: 624247825874133933, guid: fd6fe0f92adada043813c5e65264a10a,
        type: 3}
      propertyPath: m_LocalEulerAnglesHint.z
      value: 0
      objectReference: {fileID: 0}
    - target: {fileID: 624247825874133933, guid: fd6fe0f92adada043813c5e65264a10a,
        type: 3}
      propertyPath: m_LocalScale.x
      value: 0.20000003
      objectReference: {fileID: 0}
    m_RemovedComponents: []
  m_SourcePrefab: {fileID: 100100000, guid: fd6fe0f92adada043813c5e65264a10a, type: 3}
--- !u!4 &7998305452732835568 stripped
Transform:
  m_CorrespondingSourceObject: {fileID: 624247825874133933, guid: fd6fe0f92adada043813c5e65264a10a,
    type: 3}
  m_PrefabInstance: {fileID: 7374211704784962909}
  m_PrefabAsset: {fileID: 0}
--- !u!1001 &7687901526248902384
PrefabInstance:
  m_ObjectHideFlags: 0
  serializedVersion: 2
  m_Modification:
    m_TransformParent: {fileID: 3487536264905381577}
    m_Modifications:
    - target: {fileID: 5142717569851275827, guid: 435de5921b3ab3c43bfc979f4d1024d1,
        type: 3}
      propertyPath: m_LocalPosition.x
      value: 0
      objectReference: {fileID: 0}
    - target: {fileID: 5142717569851275827, guid: 435de5921b3ab3c43bfc979f4d1024d1,
        type: 3}
      propertyPath: m_LocalPosition.y
      value: 0
      objectReference: {fileID: 0}
    - target: {fileID: 5142717569851275827, guid: 435de5921b3ab3c43bfc979f4d1024d1,
        type: 3}
      propertyPath: m_LocalPosition.z
      value: 11.869999
      objectReference: {fileID: 0}
    - target: {fileID: 5142717569851275827, guid: 435de5921b3ab3c43bfc979f4d1024d1,
        type: 3}
      propertyPath: m_LocalRotation.x
      value: -0
      objectReference: {fileID: 0}
    - target: {fileID: 5142717569851275827, guid: 435de5921b3ab3c43bfc979f4d1024d1,
        type: 3}
      propertyPath: m_LocalRotation.y
      value: -0
      objectReference: {fileID: 0}
    - target: {fileID: 5142717569851275827, guid: 435de5921b3ab3c43bfc979f4d1024d1,
        type: 3}
      propertyPath: m_LocalRotation.z
      value: -0
      objectReference: {fileID: 0}
    - target: {fileID: 5142717569851275827, guid: 435de5921b3ab3c43bfc979f4d1024d1,
        type: 3}
      propertyPath: m_LocalRotation.w
      value: 1
      objectReference: {fileID: 0}
    - target: {fileID: 5142717569851275827, guid: 435de5921b3ab3c43bfc979f4d1024d1,
        type: 3}
      propertyPath: m_RootOrder
      value: 0
      objectReference: {fileID: 0}
    - target: {fileID: 5142717569851275827, guid: 435de5921b3ab3c43bfc979f4d1024d1,
        type: 3}
      propertyPath: m_LocalEulerAnglesHint.x
      value: 0
      objectReference: {fileID: 0}
    - target: {fileID: 5142717569851275827, guid: 435de5921b3ab3c43bfc979f4d1024d1,
        type: 3}
      propertyPath: m_LocalEulerAnglesHint.y
      value: 0
      objectReference: {fileID: 0}
    - target: {fileID: 5142717569851275827, guid: 435de5921b3ab3c43bfc979f4d1024d1,
        type: 3}
      propertyPath: m_LocalEulerAnglesHint.z
      value: 0
      objectReference: {fileID: 0}
    - target: {fileID: 5142717569851275831, guid: 435de5921b3ab3c43bfc979f4d1024d1,
        type: 3}
      propertyPath: m_Name
      value: PlaneWithSpawn (1)
      objectReference: {fileID: 0}
    m_RemovedComponents: []
  m_SourcePrefab: {fileID: 100100000, guid: 435de5921b3ab3c43bfc979f4d1024d1, type: 3}
--- !u!4 &3309710136424723651 stripped
Transform:
  m_CorrespondingSourceObject: {fileID: 5142717569851275827, guid: 435de5921b3ab3c43bfc979f4d1024d1,
    type: 3}
  m_PrefabInstance: {fileID: 7687901526248902384}
  m_PrefabAsset: {fileID: 0}
--- !u!1001 &8081825825018043868
PrefabInstance:
  m_ObjectHideFlags: 0
  serializedVersion: 2
  m_Modification:
    m_TransformParent: {fileID: 3487536264905381577}
    m_Modifications:
    - target: {fileID: 5142717569851275827, guid: 435de5921b3ab3c43bfc979f4d1024d1,
        type: 3}
      propertyPath: m_LocalPosition.x
      value: 0
      objectReference: {fileID: 0}
    - target: {fileID: 5142717569851275827, guid: 435de5921b3ab3c43bfc979f4d1024d1,
        type: 3}
      propertyPath: m_LocalPosition.y
      value: 0
      objectReference: {fileID: 0}
    - target: {fileID: 5142717569851275827, guid: 435de5921b3ab3c43bfc979f4d1024d1,
        type: 3}
      propertyPath: m_LocalPosition.z
      value: 23.650002
      objectReference: {fileID: 0}
    - target: {fileID: 5142717569851275827, guid: 435de5921b3ab3c43bfc979f4d1024d1,
        type: 3}
      propertyPath: m_LocalRotation.x
      value: -0
      objectReference: {fileID: 0}
    - target: {fileID: 5142717569851275827, guid: 435de5921b3ab3c43bfc979f4d1024d1,
        type: 3}
      propertyPath: m_LocalRotation.y
      value: -0
      objectReference: {fileID: 0}
    - target: {fileID: 5142717569851275827, guid: 435de5921b3ab3c43bfc979f4d1024d1,
        type: 3}
      propertyPath: m_LocalRotation.z
      value: -0
      objectReference: {fileID: 0}
    - target: {fileID: 5142717569851275827, guid: 435de5921b3ab3c43bfc979f4d1024d1,
        type: 3}
      propertyPath: m_LocalRotation.w
      value: 1
      objectReference: {fileID: 0}
    - target: {fileID: 5142717569851275827, guid: 435de5921b3ab3c43bfc979f4d1024d1,
        type: 3}
      propertyPath: m_RootOrder
      value: 1
      objectReference: {fileID: 0}
    - target: {fileID: 5142717569851275827, guid: 435de5921b3ab3c43bfc979f4d1024d1,
        type: 3}
      propertyPath: m_LocalEulerAnglesHint.x
      value: 0
      objectReference: {fileID: 0}
    - target: {fileID: 5142717569851275827, guid: 435de5921b3ab3c43bfc979f4d1024d1,
        type: 3}
      propertyPath: m_LocalEulerAnglesHint.y
      value: 0
      objectReference: {fileID: 0}
    - target: {fileID: 5142717569851275827, guid: 435de5921b3ab3c43bfc979f4d1024d1,
        type: 3}
      propertyPath: m_LocalEulerAnglesHint.z
      value: 0
      objectReference: {fileID: 0}
    - target: {fileID: 5142717569851275831, guid: 435de5921b3ab3c43bfc979f4d1024d1,
        type: 3}
      propertyPath: m_Name
      value: PlaneWithSpawn (2)
      objectReference: {fileID: 0}
    m_RemovedComponents: []
  m_SourcePrefab: {fileID: 100100000, guid: 435de5921b3ab3c43bfc979f4d1024d1, type: 3}
--- !u!4 &3996649610807502831 stripped
Transform:
  m_CorrespondingSourceObject: {fileID: 5142717569851275827, guid: 435de5921b3ab3c43bfc979f4d1024d1,
    type: 3}
  m_PrefabInstance: {fileID: 8081825825018043868}
  m_PrefabAsset: {fileID: 0}
--- !u!1001 &8278030770601856453
PrefabInstance:
  m_ObjectHideFlags: 0
  serializedVersion: 2
  m_Modification:
    m_TransformParent: {fileID: 796967960154105568}
    m_Modifications:
    - target: {fileID: 624247825874133929, guid: fd6fe0f92adada043813c5e65264a10a,
        type: 3}
      propertyPath: m_Name
      value: WalkawayLarge
      objectReference: {fileID: 0}
    - target: {fileID: 624247825874133933, guid: fd6fe0f92adada043813c5e65264a10a,
        type: 3}
      propertyPath: m_LocalPosition.x
      value: 0
      objectReference: {fileID: 0}
    - target: {fileID: 624247825874133933, guid: fd6fe0f92adada043813c5e65264a10a,
        type: 3}
      propertyPath: m_LocalPosition.y
      value: 0
      objectReference: {fileID: 0}
    - target: {fileID: 624247825874133933, guid: fd6fe0f92adada043813c5e65264a10a,
        type: 3}
      propertyPath: m_LocalPosition.z
      value: -5.89
      objectReference: {fileID: 0}
    - target: {fileID: 624247825874133933, guid: fd6fe0f92adada043813c5e65264a10a,
        type: 3}
      propertyPath: m_LocalRotation.x
      value: -0
      objectReference: {fileID: 0}
    - target: {fileID: 624247825874133933, guid: fd6fe0f92adada043813c5e65264a10a,
        type: 3}
      propertyPath: m_LocalRotation.y
      value: 0.7071068
      objectReference: {fileID: 0}
    - target: {fileID: 624247825874133933, guid: fd6fe0f92adada043813c5e65264a10a,
        type: 3}
      propertyPath: m_LocalRotation.z
      value: -0
      objectReference: {fileID: 0}
    - target: {fileID: 624247825874133933, guid: fd6fe0f92adada043813c5e65264a10a,
        type: 3}
      propertyPath: m_LocalRotation.w
      value: 0.7071068
      objectReference: {fileID: 0}
    - target: {fileID: 624247825874133933, guid: fd6fe0f92adada043813c5e65264a10a,
        type: 3}
      propertyPath: m_RootOrder
      value: 0
      objectReference: {fileID: 0}
    - target: {fileID: 624247825874133933, guid: fd6fe0f92adada043813c5e65264a10a,
        type: 3}
      propertyPath: m_LocalEulerAnglesHint.x
      value: 0
      objectReference: {fileID: 0}
    - target: {fileID: 624247825874133933, guid: fd6fe0f92adada043813c5e65264a10a,
        type: 3}
      propertyPath: m_LocalEulerAnglesHint.y
      value: 90
      objectReference: {fileID: 0}
    - target: {fileID: 624247825874133933, guid: fd6fe0f92adada043813c5e65264a10a,
        type: 3}
      propertyPath: m_LocalEulerAnglesHint.z
      value: 0
      objectReference: {fileID: 0}
    - target: {fileID: 624247825874133933, guid: fd6fe0f92adada043813c5e65264a10a,
        type: 3}
      propertyPath: m_LocalScale.x
      value: 0.20000003
      objectReference: {fileID: 0}
    m_RemovedComponents: []
  m_SourcePrefab: {fileID: 100100000, guid: fd6fe0f92adada043813c5e65264a10a, type: 3}
--- !u!4 &8811502916452200040 stripped
Transform:
  m_CorrespondingSourceObject: {fileID: 624247825874133933, guid: fd6fe0f92adada043813c5e65264a10a,
    type: 3}
  m_PrefabInstance: {fileID: 8278030770601856453}
  m_PrefabAsset: {fileID: 0}
--- !u!1001 &8479139975582235020
PrefabInstance:
  m_ObjectHideFlags: 0
  serializedVersion: 2
  m_Modification:
    m_TransformParent: {fileID: 3487536264905381577}
    m_Modifications:
    - target: {fileID: 5142717569851275827, guid: 435de5921b3ab3c43bfc979f4d1024d1,
        type: 3}
      propertyPath: m_LocalPosition.x
      value: 23.699997
      objectReference: {fileID: 0}
    - target: {fileID: 5142717569851275827, guid: 435de5921b3ab3c43bfc979f4d1024d1,
        type: 3}
      propertyPath: m_LocalPosition.y
      value: 0
      objectReference: {fileID: 0}
    - target: {fileID: 5142717569851275827, guid: 435de5921b3ab3c43bfc979f4d1024d1,
        type: 3}
      propertyPath: m_LocalPosition.z
      value: 11.83
      objectReference: {fileID: 0}
    - target: {fileID: 5142717569851275827, guid: 435de5921b3ab3c43bfc979f4d1024d1,
        type: 3}
      propertyPath: m_LocalRotation.x
      value: -0
      objectReference: {fileID: 0}
    - target: {fileID: 5142717569851275827, guid: 435de5921b3ab3c43bfc979f4d1024d1,
        type: 3}
      propertyPath: m_LocalRotation.y
      value: -0
      objectReference: {fileID: 0}
    - target: {fileID: 5142717569851275827, guid: 435de5921b3ab3c43bfc979f4d1024d1,
        type: 3}
      propertyPath: m_LocalRotation.z
      value: -0
      objectReference: {fileID: 0}
    - target: {fileID: 5142717569851275827, guid: 435de5921b3ab3c43bfc979f4d1024d1,
        type: 3}
      propertyPath: m_LocalRotation.w
      value: 1
      objectReference: {fileID: 0}
    - target: {fileID: 5142717569851275827, guid: 435de5921b3ab3c43bfc979f4d1024d1,
        type: 3}
      propertyPath: m_RootOrder
      value: 3
      objectReference: {fileID: 0}
    - target: {fileID: 5142717569851275827, guid: 435de5921b3ab3c43bfc979f4d1024d1,
        type: 3}
      propertyPath: m_LocalEulerAnglesHint.x
      value: 0
      objectReference: {fileID: 0}
    - target: {fileID: 5142717569851275827, guid: 435de5921b3ab3c43bfc979f4d1024d1,
        type: 3}
      propertyPath: m_LocalEulerAnglesHint.y
      value: 0
      objectReference: {fileID: 0}
    - target: {fileID: 5142717569851275827, guid: 435de5921b3ab3c43bfc979f4d1024d1,
        type: 3}
      propertyPath: m_LocalEulerAnglesHint.z
      value: 0
      objectReference: {fileID: 0}
    - target: {fileID: 5142717569851275831, guid: 435de5921b3ab3c43bfc979f4d1024d1,
        type: 3}
      propertyPath: m_Name
      value: PlaneWithSpawn (4)
      objectReference: {fileID: 0}
    m_RemovedComponents: []
  m_SourcePrefab: {fileID: 100100000, guid: 435de5921b3ab3c43bfc979f4d1024d1, type: 3}
--- !u!4 &3671962583570678719 stripped
Transform:
  m_CorrespondingSourceObject: {fileID: 5142717569851275827, guid: 435de5921b3ab3c43bfc979f4d1024d1,
    type: 3}
  m_PrefabInstance: {fileID: 8479139975582235020}
  m_PrefabAsset: {fileID: 0}
