%YAML 1.1
%TAG !u! tag:unity3d.com,2011:
--- !u!1 &370427439041861385
GameObject:
  m_ObjectHideFlags: 0
  m_CorrespondingSourceObject: {fileID: 0}
  m_PrefabInstance: {fileID: 0}
  m_PrefabAsset: {fileID: 0}
  serializedVersion: 6
  m_Component:
  - component: {fileID: 3487536264905381577}
  m_Layer: 0
  m_Name: Plateforms
  m_TagString: Untagged
  m_Icon: {fileID: 0}
  m_NavMeshLayer: 0
  m_StaticEditorFlags: 0
  m_IsActive: 1
--- !u!4 &3487536264905381577
Transform:
  m_ObjectHideFlags: 0
  m_CorrespondingSourceObject: {fileID: 0}
  m_PrefabInstance: {fileID: 0}
  m_PrefabAsset: {fileID: 0}
  m_GameObject: {fileID: 370427439041861385}
  m_LocalRotation: {x: 0, y: 0, z: 0, w: 1}
  m_LocalPosition: {x: 0, y: 0, z: 0}
  m_LocalScale: {x: 1, y: 1, z: 1}
  m_Children:
  - {fileID: 3996649610807502831}
  - {fileID: 4903753607597423494}
  - {fileID: 7830244848119587262}
  - {fileID: 919647779015753865}
  - {fileID: 2169429482064218517}
  - {fileID: 5044149408774488084}
  - {fileID: 661217395331751681}
  - {fileID: 5970862736859582674}
  - {fileID: 739162006826140856}
  m_Father: {fileID: 417802175963057143}
  m_RootOrder: 2
  m_LocalEulerAnglesHint: {x: 0, y: 0, z: 0}
--- !u!1 &8028202828597695184
GameObject:
  m_ObjectHideFlags: 0
  m_CorrespondingSourceObject: {fileID: 0}
  m_PrefabInstance: {fileID: 0}
  m_PrefabAsset: {fileID: 0}
  serializedVersion: 6
  m_Component:
  - component: {fileID: 796967960154105568}
  m_Layer: 0
  m_Name: Bridges
  m_TagString: Untagged
  m_Icon: {fileID: 0}
  m_NavMeshLayer: 0
  m_StaticEditorFlags: 0
  m_IsActive: 1
--- !u!4 &796967960154105568
Transform:
  m_ObjectHideFlags: 0
  m_CorrespondingSourceObject: {fileID: 0}
  m_PrefabInstance: {fileID: 0}
  m_PrefabAsset: {fileID: 0}
  m_GameObject: {fileID: 8028202828597695184}
  m_LocalRotation: {x: 0, y: 0, z: 0, w: 1}
  m_LocalPosition: {x: 0, y: 0, z: 0}
  m_LocalScale: {x: 1, y: 1, z: 1}
  m_Children:
  - {fileID: 8811502916452200040}
  - {fileID: 8009396772109351902}
  - {fileID: 4593188896191344749}
  - {fileID: 6385563512915527454}
  - {fileID: 7544299598740996549}
  - {fileID: 6133977154565626775}
  - {fileID: 5548934102420802658}
  - {fileID: 3795594351231531978}
  - {fileID: 6979184366871958061}
  m_Father: {fileID: 417802175963057143}
  m_RootOrder: 3
  m_LocalEulerAnglesHint: {x: 0, y: 0, z: 0}
--- !u!1 &8383464836584250931
GameObject:
  m_ObjectHideFlags: 0
  m_CorrespondingSourceObject: {fileID: 0}
  m_PrefabInstance: {fileID: 0}
  m_PrefabAsset: {fileID: 0}
  serializedVersion: 6
  m_Component:
  - component: {fileID: 417802175963057143}
  - component: {fileID: 8188257294850334695}
  m_Layer: 0
  m_Name: level(5)
  m_TagString: SB_LevelScript
  m_Icon: {fileID: 0}
  m_NavMeshLayer: 0
  m_StaticEditorFlags: 0
  m_IsActive: 1
--- !u!4 &417802175963057143
Transform:
  m_ObjectHideFlags: 0
  m_CorrespondingSourceObject: {fileID: 0}
  m_PrefabInstance: {fileID: 0}
  m_PrefabAsset: {fileID: 0}
  m_GameObject: {fileID: 8383464836584250931}
  m_LocalRotation: {x: -0, y: -0, z: -0, w: 1}
  m_LocalPosition: {x: 24, y: 0, z: 9}
  m_LocalScale: {x: 1, y: 1, z: 1}
  m_Children:
  - {fileID: 1259880216511517921}
  - {fileID: 8155986412811492954}
  - {fileID: 3487536264905381577}
  - {fileID: 796967960154105568}
  - {fileID: 4745879179021785664}
  - {fileID: 5436663674836893898}
  m_Father: {fileID: 0}
  m_RootOrder: 0
  m_LocalEulerAnglesHint: {x: 0, y: 0, z: 0}
--- !u!114 &8188257294850334695
MonoBehaviour:
  m_ObjectHideFlags: 0
  m_CorrespondingSourceObject: {fileID: 0}
  m_PrefabInstance: {fileID: 0}
  m_PrefabAsset: {fileID: 0}
  m_GameObject: {fileID: 8383464836584250931}
  m_Enabled: 1
  m_EditorHideFlags: 0
  m_Script: {fileID: 11500000, guid: a1c1849648488c04cbba80b44672eeb4, type: 3}
  m_Name: 
  m_EditorClassIdentifier: 
  mRandomSpawnRangeMin: 1
  mRandomSpawnRangeMax: 3
  mGoodVictimSpeed: 3.5
  mGoodVictimFleeSpeed: 0.5
  mBadVictimSpeed: 3.5
  mBadVictimChaseSpeed: 3.5
--- !u!1001 &98781535052053031
PrefabInstance:
  m_ObjectHideFlags: 0
  serializedVersion: 2
  m_Modification:
    m_TransformParent: {fileID: 3487536264905381577}
    m_Modifications:
    - target: {fileID: 5142717569851275827, guid: 435de5921b3ab3c43bfc979f4d1024d1,
        type: 3}
      propertyPath: m_LocalPosition.x
      value: 23.82
      objectReference: {fileID: 0}
    - target: {fileID: 5142717569851275827, guid: 435de5921b3ab3c43bfc979f4d1024d1,
        type: 3}
      propertyPath: m_LocalPosition.y
      value: 0
      objectReference: {fileID: 0}
    - target: {fileID: 5142717569851275827, guid: 435de5921b3ab3c43bfc979f4d1024d1,
        type: 3}
      propertyPath: m_LocalPosition.z
      value: 12.379999
      objectReference: {fileID: 0}
    - target: {fileID: 5142717569851275827, guid: 435de5921b3ab3c43bfc979f4d1024d1,
        type: 3}
      propertyPath: m_LocalRotation.x
      value: -0
      objectReference: {fileID: 0}
    - target: {fileID: 5142717569851275827, guid: 435de5921b3ab3c43bfc979f4d1024d1,
        type: 3}
      propertyPath: m_LocalRotation.y
      value: -0
      objectReference: {fileID: 0}
    - target: {fileID: 5142717569851275827, guid: 435de5921b3ab3c43bfc979f4d1024d1,
        type: 3}
      propertyPath: m_LocalRotation.z
      value: -0
      objectReference: {fileID: 0}
    - target: {fileID: 5142717569851275827, guid: 435de5921b3ab3c43bfc979f4d1024d1,
        type: 3}
      propertyPath: m_LocalRotation.w
      value: 1
      objectReference: {fileID: 0}
    - target: {fileID: 5142717569851275827, guid: 435de5921b3ab3c43bfc979f4d1024d1,
        type: 3}
      propertyPath: m_RootOrder
      value: 5
      objectReference: {fileID: 0}
    - target: {fileID: 5142717569851275827, guid: 435de5921b3ab3c43bfc979f4d1024d1,
        type: 3}
      propertyPath: m_LocalEulerAnglesHint.x
      value: 0
      objectReference: {fileID: 0}
    - target: {fileID: 5142717569851275827, guid: 435de5921b3ab3c43bfc979f4d1024d1,
        type: 3}
      propertyPath: m_LocalEulerAnglesHint.y
      value: 0
      objectReference: {fileID: 0}
    - target: {fileID: 5142717569851275827, guid: 435de5921b3ab3c43bfc979f4d1024d1,
        type: 3}
      propertyPath: m_LocalEulerAnglesHint.z
      value: 0
      objectReference: {fileID: 0}
    - target: {fileID: 5142717569851275831, guid: 435de5921b3ab3c43bfc979f4d1024d1,
        type: 3}
      propertyPath: m_Name
      value: PlaneWithSpawn (7)
      objectReference: {fileID: 0}
    m_RemovedComponents: []
  m_SourcePrefab: {fileID: 100100000, guid: 435de5921b3ab3c43bfc979f4d1024d1, type: 3}
--- !u!4 &5044149408774488084 stripped
Transform:
  m_CorrespondingSourceObject: {fileID: 5142717569851275827, guid: 435de5921b3ab3c43bfc979f4d1024d1,
    type: 3}
  m_PrefabInstance: {fileID: 98781535052053031}
  m_PrefabAsset: {fileID: 0}
--- !u!1001 &239600682725228981
PrefabInstance:
  m_ObjectHideFlags: 0
  serializedVersion: 2
  m_Modification:
    m_TransformParent: {fileID: 3487536264905381577}
    m_Modifications:
    - target: {fileID: 5142717569851275827, guid: 435de5921b3ab3c43bfc979f4d1024d1,
        type: 3}
      propertyPath: m_LocalPosition.x
      value: 0
      objectReference: {fileID: 0}
    - target: {fileID: 5142717569851275827, guid: 435de5921b3ab3c43bfc979f4d1024d1,
        type: 3}
      propertyPath: m_LocalPosition.y
      value: 0
      objectReference: {fileID: 0}
    - target: {fileID: 5142717569851275827, guid: 435de5921b3ab3c43bfc979f4d1024d1,
        type: 3}
      propertyPath: m_LocalPosition.z
      value: 0.1
      objectReference: {fileID: 0}
    - target: {fileID: 5142717569851275827, guid: 435de5921b3ab3c43bfc979f4d1024d1,
        type: 3}
      propertyPath: m_LocalRotation.x
      value: -0
      objectReference: {fileID: 0}
    - target: {fileID: 5142717569851275827, guid: 435de5921b3ab3c43bfc979f4d1024d1,
        type: 3}
      propertyPath: m_LocalRotation.y
      value: -0
      objectReference: {fileID: 0}
    - target: {fileID: 5142717569851275827, guid: 435de5921b3ab3c43bfc979f4d1024d1,
        type: 3}
      propertyPath: m_LocalRotation.z
      value: -0
      objectReference: {fileID: 0}
    - target: {fileID: 5142717569851275827, guid: 435de5921b3ab3c43bfc979f4d1024d1,
        type: 3}
      propertyPath: m_LocalRotation.w
      value: 1
      objectReference: {fileID: 0}
    - target: {fileID: 5142717569851275827, guid: 435de5921b3ab3c43bfc979f4d1024d1,
        type: 3}
      propertyPath: m_RootOrder
      value: 1
      objectReference: {fileID: 0}
    - target: {fileID: 5142717569851275827, guid: 435de5921b3ab3c43bfc979f4d1024d1,
        type: 3}
      propertyPath: m_LocalEulerAnglesHint.x
      value: 0
      objectReference: {fileID: 0}
    - target: {fileID: 5142717569851275827, guid: 435de5921b3ab3c43bfc979f4d1024d1,
        type: 3}
      propertyPath: m_LocalEulerAnglesHint.y
      value: 0
      objectReference: {fileID: 0}
    - target: {fileID: 5142717569851275827, guid: 435de5921b3ab3c43bfc979f4d1024d1,
        type: 3}
      propertyPath: m_LocalEulerAnglesHint.z
      value: 0
      objectReference: {fileID: 0}
    - target: {fileID: 5142717569851275831, guid: 435de5921b3ab3c43bfc979f4d1024d1,
        type: 3}
      propertyPath: m_Name
      value: PlaneWithSpawn (5)
      objectReference: {fileID: 0}
    m_RemovedComponents: []
  m_SourcePrefab: {fileID: 100100000, guid: 435de5921b3ab3c43bfc979f4d1024d1, type: 3}
--- !u!4 &4903753607597423494 stripped
Transform:
  m_CorrespondingSourceObject: {fileID: 5142717569851275827, guid: 435de5921b3ab3c43bfc979f4d1024d1,
    type: 3}
  m_PrefabInstance: {fileID: 239600682725228981}
  m_PrefabAsset: {fileID: 0}
--- !u!1001 &445986225679411578
PrefabInstance:
  m_ObjectHideFlags: 0
  serializedVersion: 2
  m_Modification:
    m_TransformParent: {fileID: 417802175963057143}
    m_Modifications:
    - target: {fileID: 8583742648728958752, guid: 0183d36225bb3054aa831560f46e6bb1,
        type: 3}
      propertyPath: m_LocalPosition.x
      value: 11.2
      objectReference: {fileID: 0}
    - target: {fileID: 8583742648728958752, guid: 0183d36225bb3054aa831560f46e6bb1,
        type: 3}
      propertyPath: m_LocalPosition.y
      value: 51.1
      objectReference: {fileID: 0}
    - target: {fileID: 8583742648728958752, guid: 0183d36225bb3054aa831560f46e6bb1,
        type: 3}
      propertyPath: m_LocalPosition.z
      value: 8.9
      objectReference: {fileID: 0}
    - target: {fileID: 8583742648728958752, guid: 0183d36225bb3054aa831560f46e6bb1,
        type: 3}
      propertyPath: m_LocalRotation.x
      value: 0.7071068
      objectReference: {fileID: 0}
    - target: {fileID: 8583742648728958752, guid: 0183d36225bb3054aa831560f46e6bb1,
        type: 3}
      propertyPath: m_LocalRotation.y
      value: -0
      objectReference: {fileID: 0}
    - target: {fileID: 8583742648728958752, guid: 0183d36225bb3054aa831560f46e6bb1,
        type: 3}
      propertyPath: m_LocalRotation.z
      value: -0
      objectReference: {fileID: 0}
    - target: {fileID: 8583742648728958752, guid: 0183d36225bb3054aa831560f46e6bb1,
        type: 3}
      propertyPath: m_LocalRotation.w
      value: 0.7071068
      objectReference: {fileID: 0}
    - target: {fileID: 8583742648728958752, guid: 0183d36225bb3054aa831560f46e6bb1,
        type: 3}
      propertyPath: m_RootOrder
      value: 1
      objectReference: {fileID: 0}
    - target: {fileID: 8583742648728958752, guid: 0183d36225bb3054aa831560f46e6bb1,
        type: 3}
      propertyPath: m_LocalEulerAnglesHint.x
      value: 90
      objectReference: {fileID: 0}
    - target: {fileID: 8583742648728958752, guid: 0183d36225bb3054aa831560f46e6bb1,
        type: 3}
      propertyPath: m_LocalEulerAnglesHint.y
      value: 0
      objectReference: {fileID: 0}
    - target: {fileID: 8583742648728958752, guid: 0183d36225bb3054aa831560f46e6bb1,
        type: 3}
      propertyPath: m_LocalEulerAnglesHint.z
      value: 0
      objectReference: {fileID: 0}
    - target: {fileID: 8583742648728958765, guid: 0183d36225bb3054aa831560f46e6bb1,
        type: 3}
      propertyPath: m_Name
      value: CameraSecondary
      objectReference: {fileID: 0}
    m_RemovedComponents: []
  m_SourcePrefab: {fileID: 100100000, guid: 0183d36225bb3054aa831560f46e6bb1, type: 3}
--- !u!4 &8155986412811492954 stripped
Transform:
  m_CorrespondingSourceObject: {fileID: 8583742648728958752, guid: 0183d36225bb3054aa831560f46e6bb1,
    type: 3}
  m_PrefabInstance: {fileID: 445986225679411578}
  m_PrefabAsset: {fileID: 0}
--- !u!1001 &1527509281315693808
PrefabInstance:
  m_ObjectHideFlags: 0
  serializedVersion: 2
  m_Modification:
    m_TransformParent: {fileID: 417802175963057143}
    m_Modifications:
    - target: {fileID: 437804527215496292, guid: 4c834697decc3004baa5088d3584b8af,
        type: 3}
      propertyPath: m_Mesh
      value: 
      objectReference: {fileID: 0}
    - target: {fileID: 2542214390116978079, guid: 4c834697decc3004baa5088d3584b8af,
        type: 3}
      propertyPath: m_Mesh
      value: 
      objectReference: {fileID: 0}
    - target: {fileID: 2935973097345864384, guid: 4c834697decc3004baa5088d3584b8af,
        type: 3}
      propertyPath: m_Name
      value: Tremplin
      objectReference: {fileID: 0}
    - target: {fileID: 6119954763962072752, guid: 4c834697decc3004baa5088d3584b8af,
        type: 3}
      propertyPath: m_LocalPosition.x
      value: 22.44
      objectReference: {fileID: 0}
    - target: {fileID: 6119954763962072752, guid: 4c834697decc3004baa5088d3584b8af,
        type: 3}
      propertyPath: m_LocalPosition.y
      value: -6.650041e-17
      objectReference: {fileID: 0}
    - target: {fileID: 6119954763962072752, guid: 4c834697decc3004baa5088d3584b8af,
        type: 3}
      propertyPath: m_LocalPosition.z
      value: 2.11
      objectReference: {fileID: 0}
    - target: {fileID: 6119954763962072752, guid: 4c834697decc3004baa5088d3584b8af,
        type: 3}
      propertyPath: m_LocalRotation.x
      value: 0
      objectReference: {fileID: 0}
    - target: {fileID: 6119954763962072752, guid: 4c834697decc3004baa5088d3584b8af,
        type: 3}
      propertyPath: m_LocalRotation.y
      value: -0.7071068
      objectReference: {fileID: 0}
    - target: {fileID: 6119954763962072752, guid: 4c834697decc3004baa5088d3584b8af,
        type: 3}
      propertyPath: m_LocalRotation.z
      value: 0
      objectReference: {fileID: 0}
    - target: {fileID: 6119954763962072752, guid: 4c834697decc3004baa5088d3584b8af,
        type: 3}
      propertyPath: m_LocalRotation.w
      value: 0.7071068
      objectReference: {fileID: 0}
    - target: {fileID: 6119954763962072752, guid: 4c834697decc3004baa5088d3584b8af,
        type: 3}
      propertyPath: m_RootOrder
      value: 4
      objectReference: {fileID: 0}
    - target: {fileID: 6119954763962072752, guid: 4c834697decc3004baa5088d3584b8af,
        type: 3}
      propertyPath: m_LocalEulerAnglesHint.x
      value: 0
      objectReference: {fileID: 0}
    - target: {fileID: 6119954763962072752, guid: 4c834697decc3004baa5088d3584b8af,
        type: 3}
      propertyPath: m_LocalEulerAnglesHint.y
      value: -90
      objectReference: {fileID: 0}
    - target: {fileID: 6119954763962072752, guid: 4c834697decc3004baa5088d3584b8af,
        type: 3}
      propertyPath: m_LocalEulerAnglesHint.z
      value: 0
      objectReference: {fileID: 0}
    m_RemovedComponents: []
  m_SourcePrefab: {fileID: 100100000, guid: 4c834697decc3004baa5088d3584b8af, type: 3}
--- !u!4 &4745879179021785664 stripped
Transform:
  m_CorrespondingSourceObject: {fileID: 6119954763962072752, guid: 4c834697decc3004baa5088d3584b8af,
    type: 3}
  m_PrefabInstance: {fileID: 1527509281315693808}
  m_PrefabAsset: {fileID: 0}
--- !u!1001 &1549905021901269729
PrefabInstance:
  m_ObjectHideFlags: 0
  serializedVersion: 2
  m_Modification:
    m_TransformParent: {fileID: 3487536264905381577}
    m_Modifications:
    - target: {fileID: 5142717569851275827, guid: 435de5921b3ab3c43bfc979f4d1024d1,
        type: 3}
      propertyPath: m_LocalPosition.x
      value: 23.82
      objectReference: {fileID: 0}
    - target: {fileID: 5142717569851275827, guid: 435de5921b3ab3c43bfc979f4d1024d1,
        type: 3}
      propertyPath: m_LocalPosition.y
      value: 0
      objectReference: {fileID: 0}
    - target: {fileID: 5142717569851275827, guid: 435de5921b3ab3c43bfc979f4d1024d1,
        type: 3}
      propertyPath: m_LocalPosition.z
      value: 25.89
      objectReference: {fileID: 0}
    - target: {fileID: 5142717569851275827, guid: 435de5921b3ab3c43bfc979f4d1024d1,
        type: 3}
      propertyPath: m_LocalRotation.x
      value: -0
      objectReference: {fileID: 0}
    - target: {fileID: 5142717569851275827, guid: 435de5921b3ab3c43bfc979f4d1024d1,
        type: 3}
      propertyPath: m_LocalRotation.y
      value: -0
      objectReference: {fileID: 0}
    - target: {fileID: 5142717569851275827, guid: 435de5921b3ab3c43bfc979f4d1024d1,
        type: 3}
      propertyPath: m_LocalRotation.z
      value: -0
      objectReference: {fileID: 0}
    - target: {fileID: 5142717569851275827, guid: 435de5921b3ab3c43bfc979f4d1024d1,
        type: 3}
      propertyPath: m_LocalRotation.w
      value: 1
      objectReference: {fileID: 0}
    - target: {fileID: 5142717569851275827, guid: 435de5921b3ab3c43bfc979f4d1024d1,
        type: 3}
      propertyPath: m_RootOrder
      value: 7
      objectReference: {fileID: 0}
    - target: {fileID: 5142717569851275827, guid: 435de5921b3ab3c43bfc979f4d1024d1,
        type: 3}
      propertyPath: m_LocalEulerAnglesHint.x
      value: 0
      objectReference: {fileID: 0}
    - target: {fileID: 5142717569851275827, guid: 435de5921b3ab3c43bfc979f4d1024d1,
        type: 3}
      propertyPath: m_LocalEulerAnglesHint.y
      value: 0
      objectReference: {fileID: 0}
    - target: {fileID: 5142717569851275827, guid: 435de5921b3ab3c43bfc979f4d1024d1,
        type: 3}
      propertyPath: m_LocalEulerAnglesHint.z
      value: 0
      objectReference: {fileID: 0}
    - target: {fileID: 5142717569851275831, guid: 435de5921b3ab3c43bfc979f4d1024d1,
        type: 3}
      propertyPath: m_Name
      value: PlaneWithSpawn (10)
      objectReference: {fileID: 0}
    m_RemovedComponents: []
  m_SourcePrefab: {fileID: 100100000, guid: 435de5921b3ab3c43bfc979f4d1024d1, type: 3}
--- !u!4 &5970862736859582674 stripped
Transform:
  m_CorrespondingSourceObject: {fileID: 5142717569851275827, guid: 435de5921b3ab3c43bfc979f4d1024d1,
    type: 3}
  m_PrefabInstance: {fileID: 1549905021901269729}
  m_PrefabAsset: {fileID: 0}
--- !u!1001 &2277865525382446714
PrefabInstance:
  m_ObjectHideFlags: 0
  serializedVersion: 2
  m_Modification:
    m_TransformParent: {fileID: 417802175963057143}
    m_Modifications:
    - target: {fileID: 437804527215496292, guid: 4c834697decc3004baa5088d3584b8af,
        type: 3}
      propertyPath: m_Mesh
      value: 
      objectReference: {fileID: 0}
    - target: {fileID: 2542214390116978079, guid: 4c834697decc3004baa5088d3584b8af,
        type: 3}
      propertyPath: m_Mesh
      value: 
      objectReference: {fileID: 0}
    - target: {fileID: 2935973097345864384, guid: 4c834697decc3004baa5088d3584b8af,
        type: 3}
      propertyPath: m_Name
      value: Tremplin (1)
      objectReference: {fileID: 0}
    - target: {fileID: 6119954763962072752, guid: 4c834697decc3004baa5088d3584b8af,
        type: 3}
      propertyPath: m_LocalPosition.x
      value: 22.44
      objectReference: {fileID: 0}
    - target: {fileID: 6119954763962072752, guid: 4c834697decc3004baa5088d3584b8af,
        type: 3}
      propertyPath: m_LocalPosition.y
      value: -6.650041e-17
      objectReference: {fileID: 0}
    - target: {fileID: 6119954763962072752, guid: 4c834697decc3004baa5088d3584b8af,
        type: 3}
      propertyPath: m_LocalPosition.z
      value: 15.89
      objectReference: {fileID: 0}
    - target: {fileID: 6119954763962072752, guid: 4c834697decc3004baa5088d3584b8af,
        type: 3}
      propertyPath: m_LocalRotation.x
      value: 0
      objectReference: {fileID: 0}
    - target: {fileID: 6119954763962072752, guid: 4c834697decc3004baa5088d3584b8af,
        type: 3}
      propertyPath: m_LocalRotation.y
      value: -0.7071068
      objectReference: {fileID: 0}
    - target: {fileID: 6119954763962072752, guid: 4c834697decc3004baa5088d3584b8af,
        type: 3}
      propertyPath: m_LocalRotation.z
      value: 0
      objectReference: {fileID: 0}
    - target: {fileID: 6119954763962072752, guid: 4c834697decc3004baa5088d3584b8af,
        type: 3}
      propertyPath: m_LocalRotation.w
      value: 0.7071068
      objectReference: {fileID: 0}
    - target: {fileID: 6119954763962072752, guid: 4c834697decc3004baa5088d3584b8af,
        type: 3}
      propertyPath: m_RootOrder
      value: 5
      objectReference: {fileID: 0}
    - target: {fileID: 6119954763962072752, guid: 4c834697decc3004baa5088d3584b8af,
        type: 3}
      propertyPath: m_LocalEulerAnglesHint.x
      value: 0
      objectReference: {fileID: 0}
    - target: {fileID: 6119954763962072752, guid: 4c834697decc3004baa5088d3584b8af,
        type: 3}
      propertyPath: m_LocalEulerAnglesHint.y
      value: -90
      objectReference: {fileID: 0}
    - target: {fileID: 6119954763962072752, guid: 4c834697decc3004baa5088d3584b8af,
        type: 3}
      propertyPath: m_LocalEulerAnglesHint.z
      value: 0
      objectReference: {fileID: 0}
    m_RemovedComponents: []
  m_SourcePrefab: {fileID: 100100000, guid: 4c834697decc3004baa5088d3584b8af, type: 3}
--- !u!4 &5436663674836893898 stripped
Transform:
  m_CorrespondingSourceObject: {fileID: 6119954763962072752, guid: 4c834697decc3004baa5088d3584b8af,
    type: 3}
  m_PrefabInstance: {fileID: 2277865525382446714}
  m_PrefabAsset: {fileID: 0}
--- !u!1001 &3167161188713044877
PrefabInstance:
  m_ObjectHideFlags: 0
  serializedVersion: 2
  m_Modification:
    m_TransformParent: {fileID: 3487536264905381577}
    m_Modifications:
    - target: {fileID: 5142717569851275827, guid: 435de5921b3ab3c43bfc979f4d1024d1,
        type: 3}
      propertyPath: m_LocalPosition.x
      value: 23.82
      objectReference: {fileID: 0}
    - target: {fileID: 5142717569851275827, guid: 435de5921b3ab3c43bfc979f4d1024d1,
        type: 3}
      propertyPath: m_LocalPosition.y
      value: 0
      objectReference: {fileID: 0}
    - target: {fileID: 5142717569851275827, guid: 435de5921b3ab3c43bfc979f4d1024d1,
        type: 3}
      propertyPath: m_LocalPosition.z
      value: -1.5500001
      objectReference: {fileID: 0}
    - target: {fileID: 5142717569851275827, guid: 435de5921b3ab3c43bfc979f4d1024d1,
        type: 3}
      propertyPath: m_LocalRotation.x
      value: -0
      objectReference: {fileID: 0}
    - target: {fileID: 5142717569851275827, guid: 435de5921b3ab3c43bfc979f4d1024d1,
        type: 3}
      propertyPath: m_LocalRotation.y
      value: -0
      objectReference: {fileID: 0}
    - target: {fileID: 5142717569851275827, guid: 435de5921b3ab3c43bfc979f4d1024d1,
        type: 3}
      propertyPath: m_LocalRotation.z
      value: -0
      objectReference: {fileID: 0}
    - target: {fileID: 5142717569851275827, guid: 435de5921b3ab3c43bfc979f4d1024d1,
        type: 3}
      propertyPath: m_LocalRotation.w
      value: 1
      objectReference: {fileID: 0}
    - target: {fileID: 5142717569851275827, guid: 435de5921b3ab3c43bfc979f4d1024d1,
        type: 3}
      propertyPath: m_RootOrder
      value: 2
      objectReference: {fileID: 0}
    - target: {fileID: 5142717569851275827, guid: 435de5921b3ab3c43bfc979f4d1024d1,
        type: 3}
      propertyPath: m_LocalEulerAnglesHint.x
      value: 0
      objectReference: {fileID: 0}
    - target: {fileID: 5142717569851275827, guid: 435de5921b3ab3c43bfc979f4d1024d1,
        type: 3}
      propertyPath: m_LocalEulerAnglesHint.y
      value: 0
      objectReference: {fileID: 0}
    - target: {fileID: 5142717569851275827, guid: 435de5921b3ab3c43bfc979f4d1024d1,
        type: 3}
      propertyPath: m_LocalEulerAnglesHint.z
      value: 0
      objectReference: {fileID: 0}
    - target: {fileID: 5142717569851275831, guid: 435de5921b3ab3c43bfc979f4d1024d1,
        type: 3}
      propertyPath: m_Name
      value: PlaneWithSpawn (6)
      objectReference: {fileID: 0}
    m_RemovedComponents: []
  m_SourcePrefab: {fileID: 100100000, guid: 435de5921b3ab3c43bfc979f4d1024d1, type: 3}
--- !u!4 &7830244848119587262 stripped
Transform:
  m_CorrespondingSourceObject: {fileID: 5142717569851275827, guid: 435de5921b3ab3c43bfc979f4d1024d1,
    type: 3}
  m_PrefabInstance: {fileID: 3167161188713044877}
  m_PrefabAsset: {fileID: 0}
--- !u!1001 &3969798689388057536
PrefabInstance:
  m_ObjectHideFlags: 0
  serializedVersion: 2
  m_Modification:
    m_TransformParent: {fileID: 796967960154105568}
    m_Modifications:
    - target: {fileID: 624247825874133929, guid: fd6fe0f92adada043813c5e65264a10a,
        type: 3}
      propertyPath: m_Name
      value: WalkawayLarge (3)
      objectReference: {fileID: 0}
    - target: {fileID: 624247825874133933, guid: fd6fe0f92adada043813c5e65264a10a,
        type: 3}
      propertyPath: m_LocalPosition.x
      value: -0.32
      objectReference: {fileID: 0}
    - target: {fileID: 624247825874133933, guid: fd6fe0f92adada043813c5e65264a10a,
        type: 3}
      propertyPath: m_LocalPosition.y
      value: 0
      objectReference: {fileID: 0}
    - target: {fileID: 624247825874133933, guid: fd6fe0f92adada043813c5e65264a10a,
        type: 3}
      propertyPath: m_LocalPosition.z
      value: 17.87
      objectReference: {fileID: 0}
    - target: {fileID: 624247825874133933, guid: fd6fe0f92adada043813c5e65264a10a,
        type: 3}
      propertyPath: m_LocalRotation.x
      value: -0
      objectReference: {fileID: 0}
    - target: {fileID: 624247825874133933, guid: fd6fe0f92adada043813c5e65264a10a,
        type: 3}
      propertyPath: m_LocalRotation.y
      value: 0.7071068
      objectReference: {fileID: 0}
    - target: {fileID: 624247825874133933, guid: fd6fe0f92adada043813c5e65264a10a,
        type: 3}
      propertyPath: m_LocalRotation.z
      value: -0
      objectReference: {fileID: 0}
    - target: {fileID: 624247825874133933, guid: fd6fe0f92adada043813c5e65264a10a,
        type: 3}
      propertyPath: m_LocalRotation.w
      value: 0.7071068
      objectReference: {fileID: 0}
    - target: {fileID: 624247825874133933, guid: fd6fe0f92adada043813c5e65264a10a,
        type: 3}
      propertyPath: m_RootOrder
      value: 2
      objectReference: {fileID: 0}
    - target: {fileID: 624247825874133933, guid: fd6fe0f92adada043813c5e65264a10a,
        type: 3}
      propertyPath: m_LocalEulerAnglesHint.x
      value: 0
      objectReference: {fileID: 0}
    - target: {fileID: 624247825874133933, guid: fd6fe0f92adada043813c5e65264a10a,
        type: 3}
      propertyPath: m_LocalEulerAnglesHint.y
      value: 90
      objectReference: {fileID: 0}
    - target: {fileID: 624247825874133933, guid: fd6fe0f92adada043813c5e65264a10a,
        type: 3}
      propertyPath: m_LocalEulerAnglesHint.z
      value: 0
      objectReference: {fileID: 0}
    - target: {fileID: 624247825874133933, guid: fd6fe0f92adada043813c5e65264a10a,
        type: 3}
      propertyPath: m_LocalScale.x
      value: 0.20000003
      objectReference: {fileID: 0}
    m_RemovedComponents: []
  m_SourcePrefab: {fileID: 100100000, guid: fd6fe0f92adada043813c5e65264a10a, type: 3}
--- !u!4 &4593188896191344749 stripped
Transform:
  m_CorrespondingSourceObject: {fileID: 624247825874133933, guid: fd6fe0f92adada043813c5e65264a10a,
    type: 3}
  m_PrefabInstance: {fileID: 3969798689388057536}
  m_PrefabAsset: {fileID: 0}
--- !u!1001 &4324984945940093031
PrefabInstance:
  m_ObjectHideFlags: 0
  serializedVersion: 2
  m_Modification:
    m_TransformParent: {fileID: 796967960154105568}
    m_Modifications:
    - target: {fileID: 624247825874133929, guid: fd6fe0f92adada043813c5e65264a10a,
        type: 3}
      propertyPath: m_Name
      value: WalkawayLarge (8)
      objectReference: {fileID: 0}
    - target: {fileID: 624247825874133933, guid: fd6fe0f92adada043813c5e65264a10a,
        type: 3}
      propertyPath: m_LocalPosition.x
      value: 5.96
      objectReference: {fileID: 0}
    - target: {fileID: 624247825874133933, guid: fd6fe0f92adada043813c5e65264a10a,
        type: 3}
      propertyPath: m_LocalPosition.y
      value: 0
      objectReference: {fileID: 0}
    - target: {fileID: 624247825874133933, guid: fd6fe0f92adada043813c5e65264a10a,
        type: 3}
      propertyPath: m_LocalPosition.z
      value: 25.88
      objectReference: {fileID: 0}
    - target: {fileID: 624247825874133933, guid: fd6fe0f92adada043813c5e65264a10a,
        type: 3}
      propertyPath: m_LocalRotation.x
      value: 0
      objectReference: {fileID: 0}
    - target: {fileID: 624247825874133933, guid: fd6fe0f92adada043813c5e65264a10a,
        type: 3}
      propertyPath: m_LocalRotation.y
      value: 0
      objectReference: {fileID: 0}
    - target: {fileID: 624247825874133933, guid: fd6fe0f92adada043813c5e65264a10a,
        type: 3}
      propertyPath: m_LocalRotation.z
      value: 0
      objectReference: {fileID: 0}
    - target: {fileID: 624247825874133933, guid: fd6fe0f92adada043813c5e65264a10a,
        type: 3}
      propertyPath: m_LocalRotation.w
      value: 1
      objectReference: {fileID: 0}
    - target: {fileID: 624247825874133933, guid: fd6fe0f92adada043813c5e65264a10a,
        type: 3}
      propertyPath: m_RootOrder
      value: 7
      objectReference: {fileID: 0}
    - target: {fileID: 624247825874133933, guid: fd6fe0f92adada043813c5e65264a10a,
        type: 3}
      propertyPath: m_LocalEulerAnglesHint.x
      value: 0
      objectReference: {fileID: 0}
    - target: {fileID: 624247825874133933, guid: fd6fe0f92adada043813c5e65264a10a,
        type: 3}
      propertyPath: m_LocalEulerAnglesHint.y
      value: 0
      objectReference: {fileID: 0}
    - target: {fileID: 624247825874133933, guid: fd6fe0f92adada043813c5e65264a10a,
        type: 3}
      propertyPath: m_LocalEulerAnglesHint.z
      value: 0
      objectReference: {fileID: 0}
    - target: {fileID: 624247825874133933, guid: fd6fe0f92adada043813c5e65264a10a,
        type: 3}
      propertyPath: m_LocalScale.x
      value: 0.20000003
      objectReference: {fileID: 0}
    m_RemovedComponents: []
  m_SourcePrefab: {fileID: 100100000, guid: fd6fe0f92adada043813c5e65264a10a, type: 3}
--- !u!4 &3795594351231531978 stripped
Transform:
  m_CorrespondingSourceObject: {fileID: 624247825874133933, guid: fd6fe0f92adada043813c5e65264a10a,
    type: 3}
  m_PrefabInstance: {fileID: 4324984945940093031}
  m_PrefabAsset: {fileID: 0}
--- !u!1001 &5019262049681567695
PrefabInstance:
  m_ObjectHideFlags: 0
  serializedVersion: 2
  m_Modification:
    m_TransformParent: {fileID: 796967960154105568}
    m_Modifications:
    - target: {fileID: 624247825874133929, guid: fd6fe0f92adada043813c5e65264a10a,
        type: 3}
      propertyPath: m_Name
      value: WalkawayLarge (7)
      objectReference: {fileID: 0}
    - target: {fileID: 624247825874133933, guid: fd6fe0f92adada043813c5e65264a10a,
        type: 3}
      propertyPath: m_LocalPosition.x
      value: 17.85
      objectReference: {fileID: 0}
    - target: {fileID: 624247825874133933, guid: fd6fe0f92adada043813c5e65264a10a,
        type: 3}
      propertyPath: m_LocalPosition.y
      value: 0
      objectReference: {fileID: 0}
    - target: {fileID: 624247825874133933, guid: fd6fe0f92adada043813c5e65264a10a,
        type: 3}
      propertyPath: m_LocalPosition.z
      value: 12.37
      objectReference: {fileID: 0}
    - target: {fileID: 624247825874133933, guid: fd6fe0f92adada043813c5e65264a10a,
        type: 3}
      propertyPath: m_LocalRotation.x
      value: 0
      objectReference: {fileID: 0}
    - target: {fileID: 624247825874133933, guid: fd6fe0f92adada043813c5e65264a10a,
        type: 3}
      propertyPath: m_LocalRotation.y
      value: 0
      objectReference: {fileID: 0}
    - target: {fileID: 624247825874133933, guid: fd6fe0f92adada043813c5e65264a10a,
        type: 3}
      propertyPath: m_LocalRotation.z
      value: 0
      objectReference: {fileID: 0}
    - target: {fileID: 624247825874133933, guid: fd6fe0f92adada043813c5e65264a10a,
        type: 3}
      propertyPath: m_LocalRotation.w
      value: 1
      objectReference: {fileID: 0}
    - target: {fileID: 624247825874133933, guid: fd6fe0f92adada043813c5e65264a10a,
        type: 3}
      propertyPath: m_RootOrder
      value: 6
      objectReference: {fileID: 0}
    - target: {fileID: 624247825874133933, guid: fd6fe0f92adada043813c5e65264a10a,
        type: 3}
      propertyPath: m_LocalEulerAnglesHint.x
      value: 0
      objectReference: {fileID: 0}
    - target: {fileID: 624247825874133933, guid: fd6fe0f92adada043813c5e65264a10a,
        type: 3}
      propertyPath: m_LocalEulerAnglesHint.y
      value: 0
      objectReference: {fileID: 0}
    - target: {fileID: 624247825874133933, guid: fd6fe0f92adada043813c5e65264a10a,
        type: 3}
      propertyPath: m_LocalEulerAnglesHint.z
      value: 0
      objectReference: {fileID: 0}
    - target: {fileID: 624247825874133933, guid: fd6fe0f92adada043813c5e65264a10a,
        type: 3}
      propertyPath: m_LocalScale.x
      value: 0.20000003
      objectReference: {fileID: 0}
    m_RemovedComponents: []
  m_SourcePrefab: {fileID: 100100000, guid: fd6fe0f92adada043813c5e65264a10a, type: 3}
--- !u!4 &5548934102420802658 stripped
Transform:
  m_CorrespondingSourceObject: {fileID: 624247825874133933, guid: fd6fe0f92adada043813c5e65264a10a,
    type: 3}
  m_PrefabInstance: {fileID: 5019262049681567695}
  m_PrefabAsset: {fileID: 0}
--- !u!1001 &5448692173058030266
PrefabInstance:
  m_ObjectHideFlags: 0
  serializedVersion: 2
  m_Modification:
    m_TransformParent: {fileID: 3487536264905381577}
    m_Modifications:
    - target: {fileID: 5142717569851275827, guid: 435de5921b3ab3c43bfc979f4d1024d1,
        type: 3}
      propertyPath: m_LocalPosition.x
      value: 0
      objectReference: {fileID: 0}
    - target: {fileID: 5142717569851275827, guid: 435de5921b3ab3c43bfc979f4d1024d1,
        type: 3}
      propertyPath: m_LocalPosition.y
      value: 0
      objectReference: {fileID: 0}
    - target: {fileID: 5142717569851275827, guid: 435de5921b3ab3c43bfc979f4d1024d1,
        type: 3}
      propertyPath: m_LocalPosition.z
      value: 12
      objectReference: {fileID: 0}
    - target: {fileID: 5142717569851275827, guid: 435de5921b3ab3c43bfc979f4d1024d1,
        type: 3}
      propertyPath: m_LocalRotation.x
      value: -0
      objectReference: {fileID: 0}
    - target: {fileID: 5142717569851275827, guid: 435de5921b3ab3c43bfc979f4d1024d1,
        type: 3}
      propertyPath: m_LocalRotation.y
      value: -0
      objectReference: {fileID: 0}
    - target: {fileID: 5142717569851275827, guid: 435de5921b3ab3c43bfc979f4d1024d1,
        type: 3}
      propertyPath: m_LocalRotation.z
      value: -0
      objectReference: {fileID: 0}
    - target: {fileID: 5142717569851275827, guid: 435de5921b3ab3c43bfc979f4d1024d1,
        type: 3}
      propertyPath: m_LocalRotation.w
      value: 1
      objectReference: {fileID: 0}
    - target: {fileID: 5142717569851275827, guid: 435de5921b3ab3c43bfc979f4d1024d1,
        type: 3}
      propertyPath: m_RootOrder
      value: 3
      objectReference: {fileID: 0}
    - target: {fileID: 5142717569851275827, guid: 435de5921b3ab3c43bfc979f4d1024d1,
        type: 3}
      propertyPath: m_LocalEulerAnglesHint.x
      value: 0
      objectReference: {fileID: 0}
    - target: {fileID: 5142717569851275827, guid: 435de5921b3ab3c43bfc979f4d1024d1,
        type: 3}
      propertyPath: m_LocalEulerAnglesHint.y
      value: 0
      objectReference: {fileID: 0}
    - target: {fileID: 5142717569851275827, guid: 435de5921b3ab3c43bfc979f4d1024d1,
        type: 3}
      propertyPath: m_LocalEulerAnglesHint.z
      value: 0
      objectReference: {fileID: 0}
    - target: {fileID: 5142717569851275831, guid: 435de5921b3ab3c43bfc979f4d1024d1,
        type: 3}
      propertyPath: m_Name
      value: PlaneWithSpawn (4)
      objectReference: {fileID: 0}
    m_RemovedComponents: []
  m_SourcePrefab: {fileID: 100100000, guid: 435de5921b3ab3c43bfc979f4d1024d1, type: 3}
--- !u!4 &919647779015753865 stripped
Transform:
  m_CorrespondingSourceObject: {fileID: 5142717569851275827, guid: 435de5921b3ab3c43bfc979f4d1024d1,
    type: 3}
  m_PrefabInstance: {fileID: 5448692173058030266}
  m_PrefabAsset: {fileID: 0}
--- !u!1001 &5556489265886756491
PrefabInstance:
  m_ObjectHideFlags: 0
  serializedVersion: 2
  m_Modification:
    m_TransformParent: {fileID: 3487536264905381577}
    m_Modifications:
    - target: {fileID: 5142717569851275827, guid: 435de5921b3ab3c43bfc979f4d1024d1,
        type: 3}
      propertyPath: m_LocalPosition.x
      value: 11.92
      objectReference: {fileID: 0}
    - target: {fileID: 5142717569851275827, guid: 435de5921b3ab3c43bfc979f4d1024d1,
        type: 3}
      propertyPath: m_LocalPosition.y
      value: 0
      objectReference: {fileID: 0}
    - target: {fileID: 5142717569851275827, guid: 435de5921b3ab3c43bfc979f4d1024d1,
        type: 3}
      propertyPath: m_LocalPosition.z
      value: 25.89
      objectReference: {fileID: 0}
    - target: {fileID: 5142717569851275827, guid: 435de5921b3ab3c43bfc979f4d1024d1,
        type: 3}
      propertyPath: m_LocalRotation.x
      value: -0
      objectReference: {fileID: 0}
    - target: {fileID: 5142717569851275827, guid: 435de5921b3ab3c43bfc979f4d1024d1,
        type: 3}
      propertyPath: m_LocalRotation.y
      value: -0
      objectReference: {fileID: 0}
    - target: {fileID: 5142717569851275827, guid: 435de5921b3ab3c43bfc979f4d1024d1,
        type: 3}
      propertyPath: m_LocalRotation.z
      value: -0
      objectReference: {fileID: 0}
    - target: {fileID: 5142717569851275827, guid: 435de5921b3ab3c43bfc979f4d1024d1,
        type: 3}
      propertyPath: m_LocalRotation.w
      value: 1
      objectReference: {fileID: 0}
    - target: {fileID: 5142717569851275827, guid: 435de5921b3ab3c43bfc979f4d1024d1,
        type: 3}
      propertyPath: m_RootOrder
      value: 8
      objectReference: {fileID: 0}
    - target: {fileID: 5142717569851275827, guid: 435de5921b3ab3c43bfc979f4d1024d1,
        type: 3}
      propertyPath: m_LocalEulerAnglesHint.x
      value: 0
      objectReference: {fileID: 0}
    - target: {fileID: 5142717569851275827, guid: 435de5921b3ab3c43bfc979f4d1024d1,
        type: 3}
      propertyPath: m_LocalEulerAnglesHint.y
      value: 0
      objectReference: {fileID: 0}
    - target: {fileID: 5142717569851275827, guid: 435de5921b3ab3c43bfc979f4d1024d1,
        type: 3}
      propertyPath: m_LocalEulerAnglesHint.z
      value: 0
      objectReference: {fileID: 0}
    - target: {fileID: 5142717569851275831, guid: 435de5921b3ab3c43bfc979f4d1024d1,
        type: 3}
      propertyPath: m_Name
      value: PlaneWithSpawn (11)
      objectReference: {fileID: 0}
    m_RemovedComponents: []
  m_SourcePrefab: {fileID: 100100000, guid: 435de5921b3ab3c43bfc979f4d1024d1, type: 3}
--- !u!4 &739162006826140856 stripped
Transform:
  m_CorrespondingSourceObject: {fileID: 5142717569851275827, guid: 435de5921b3ab3c43bfc979f4d1024d1,
    type: 3}
  m_PrefabInstance: {fileID: 5556489265886756491}
  m_PrefabAsset: {fileID: 0}
--- !u!1001 &5653011311197152562
PrefabInstance:
  m_ObjectHideFlags: 0
  serializedVersion: 2
  m_Modification:
    m_TransformParent: {fileID: 3487536264905381577}
    m_Modifications:
    - target: {fileID: 5142717569851275827, guid: 435de5921b3ab3c43bfc979f4d1024d1,
        type: 3}
      propertyPath: m_LocalPosition.x
      value: 11.92
      objectReference: {fileID: 0}
    - target: {fileID: 5142717569851275827, guid: 435de5921b3ab3c43bfc979f4d1024d1,
        type: 3}
      propertyPath: m_LocalPosition.y
      value: 0
      objectReference: {fileID: 0}
    - target: {fileID: 5142717569851275827, guid: 435de5921b3ab3c43bfc979f4d1024d1,
        type: 3}
      propertyPath: m_LocalPosition.z
      value: 12.379999
      objectReference: {fileID: 0}
    - target: {fileID: 5142717569851275827, guid: 435de5921b3ab3c43bfc979f4d1024d1,
        type: 3}
      propertyPath: m_LocalRotation.x
      value: -0
      objectReference: {fileID: 0}
    - target: {fileID: 5142717569851275827, guid: 435de5921b3ab3c43bfc979f4d1024d1,
        type: 3}
      propertyPath: m_LocalRotation.y
      value: -0
      objectReference: {fileID: 0}
    - target: {fileID: 5142717569851275827, guid: 435de5921b3ab3c43bfc979f4d1024d1,
        type: 3}
      propertyPath: m_LocalRotation.z
      value: -0
      objectReference: {fileID: 0}
    - target: {fileID: 5142717569851275827, guid: 435de5921b3ab3c43bfc979f4d1024d1,
        type: 3}
      propertyPath: m_LocalRotation.w
      value: 1
      objectReference: {fileID: 0}
    - target: {fileID: 5142717569851275827, guid: 435de5921b3ab3c43bfc979f4d1024d1,
        type: 3}
      propertyPath: m_RootOrder
      value: 6
      objectReference: {fileID: 0}
    - target: {fileID: 5142717569851275827, guid: 435de5921b3ab3c43bfc979f4d1024d1,
        type: 3}
      propertyPath: m_LocalEulerAnglesHint.x
      value: 0
      objectReference: {fileID: 0}
    - target: {fileID: 5142717569851275827, guid: 435de5921b3ab3c43bfc979f4d1024d1,
        type: 3}
      propertyPath: m_LocalEulerAnglesHint.y
      value: 0
      objectReference: {fileID: 0}
    - target: {fileID: 5142717569851275827, guid: 435de5921b3ab3c43bfc979f4d1024d1,
        type: 3}
      propertyPath: m_LocalEulerAnglesHint.z
      value: 0
      objectReference: {fileID: 0}
    - target: {fileID: 5142717569851275831, guid: 435de5921b3ab3c43bfc979f4d1024d1,
        type: 3}
      propertyPath: m_Name
      value: PlaneWithSpawn (9)
      objectReference: {fileID: 0}
    m_RemovedComponents: []
  m_SourcePrefab: {fileID: 100100000, guid: 435de5921b3ab3c43bfc979f4d1024d1, type: 3}
--- !u!4 &661217395331751681 stripped
Transform:
  m_CorrespondingSourceObject: {fileID: 5142717569851275827, guid: 435de5921b3ab3c43bfc979f4d1024d1,
    type: 3}
  m_PrefabInstance: {fileID: 5653011311197152562}
  m_PrefabAsset: {fileID: 0}
--- !u!1001 &5780319792616383667
PrefabInstance:
  m_ObjectHideFlags: 0
  serializedVersion: 2
  m_Modification:
    m_TransformParent: {fileID: 796967960154105568}
    m_Modifications:
    - target: {fileID: 624247825874133929, guid: fd6fe0f92adada043813c5e65264a10a,
        type: 3}
      propertyPath: m_Name
      value: WalkawayLarge (4)
      objectReference: {fileID: 0}
    - target: {fileID: 624247825874133933, guid: fd6fe0f92adada043813c5e65264a10a,
        type: 3}
      propertyPath: m_LocalPosition.x
      value: 5.96
      objectReference: {fileID: 0}
    - target: {fileID: 624247825874133933, guid: fd6fe0f92adada043813c5e65264a10a,
        type: 3}
      propertyPath: m_LocalPosition.y
      value: 0
      objectReference: {fileID: 0}
    - target: {fileID: 624247825874133933, guid: fd6fe0f92adada043813c5e65264a10a,
        type: 3}
      propertyPath: m_LocalPosition.z
      value: -1.56
      objectReference: {fileID: 0}
    - target: {fileID: 624247825874133933, guid: fd6fe0f92adada043813c5e65264a10a,
        type: 3}
      propertyPath: m_LocalRotation.x
      value: 0
      objectReference: {fileID: 0}
    - target: {fileID: 624247825874133933, guid: fd6fe0f92adada043813c5e65264a10a,
        type: 3}
      propertyPath: m_LocalRotation.y
      value: 0
      objectReference: {fileID: 0}
    - target: {fileID: 624247825874133933, guid: fd6fe0f92adada043813c5e65264a10a,
        type: 3}
      propertyPath: m_LocalRotation.z
      value: 0
      objectReference: {fileID: 0}
    - target: {fileID: 624247825874133933, guid: fd6fe0f92adada043813c5e65264a10a,
        type: 3}
      propertyPath: m_LocalRotation.w
      value: 1
      objectReference: {fileID: 0}
    - target: {fileID: 624247825874133933, guid: fd6fe0f92adada043813c5e65264a10a,
        type: 3}
      propertyPath: m_RootOrder
      value: 3
      objectReference: {fileID: 0}
    - target: {fileID: 624247825874133933, guid: fd6fe0f92adada043813c5e65264a10a,
        type: 3}
      propertyPath: m_LocalEulerAnglesHint.x
      value: 0
      objectReference: {fileID: 0}
    - target: {fileID: 624247825874133933, guid: fd6fe0f92adada043813c5e65264a10a,
        type: 3}
      propertyPath: m_LocalEulerAnglesHint.y
      value: 0
      objectReference: {fileID: 0}
    - target: {fileID: 624247825874133933, guid: fd6fe0f92adada043813c5e65264a10a,
        type: 3}
      propertyPath: m_LocalEulerAnglesHint.z
      value: 0
      objectReference: {fileID: 0}
    - target: {fileID: 624247825874133933, guid: fd6fe0f92adada043813c5e65264a10a,
        type: 3}
      propertyPath: m_LocalScale.x
      value: 0.20000003
      objectReference: {fileID: 0}
    m_RemovedComponents: []
  m_SourcePrefab: {fileID: 100100000, guid: fd6fe0f92adada043813c5e65264a10a, type: 3}
--- !u!4 &6385563512915527454 stripped
Transform:
  m_CorrespondingSourceObject: {fileID: 624247825874133933, guid: fd6fe0f92adada043813c5e65264a10a,
    type: 3}
  m_PrefabInstance: {fileID: 5780319792616383667}
  m_PrefabAsset: {fileID: 0}
--- !u!1001 &6432766442371265446
PrefabInstance:
  m_ObjectHideFlags: 0
  serializedVersion: 2
  m_Modification:
    m_TransformParent: {fileID: 3487536264905381577}
    m_Modifications:
    - target: {fileID: 5142717569851275827, guid: 435de5921b3ab3c43bfc979f4d1024d1,
        type: 3}
      propertyPath: m_LocalPosition.x
      value: 11.92
      objectReference: {fileID: 0}
    - target: {fileID: 5142717569851275827, guid: 435de5921b3ab3c43bfc979f4d1024d1,
        type: 3}
      propertyPath: m_LocalPosition.y
      value: 0
      objectReference: {fileID: 0}
    - target: {fileID: 5142717569851275827, guid: 435de5921b3ab3c43bfc979f4d1024d1,
        type: 3}
      propertyPath: m_LocalPosition.z
      value: -1.5500001
      objectReference: {fileID: 0}
    - target: {fileID: 5142717569851275827, guid: 435de5921b3ab3c43bfc979f4d1024d1,
        type: 3}
      propertyPath: m_LocalRotation.x
      value: -0
      objectReference: {fileID: 0}
    - target: {fileID: 5142717569851275827, guid: 435de5921b3ab3c43bfc979f4d1024d1,
        type: 3}
      propertyPath: m_LocalRotation.y
      value: -0
      objectReference: {fileID: 0}
    - target: {fileID: 5142717569851275827, guid: 435de5921b3ab3c43bfc979f4d1024d1,
        type: 3}
      propertyPath: m_LocalRotation.z
      value: -0
      objectReference: {fileID: 0}
    - target: {fileID: 5142717569851275827, guid: 435de5921b3ab3c43bfc979f4d1024d1,
        type: 3}
      propertyPath: m_LocalRotation.w
      value: 1
      objectReference: {fileID: 0}
    - target: {fileID: 5142717569851275827, guid: 435de5921b3ab3c43bfc979f4d1024d1,
        type: 3}
      propertyPath: m_RootOrder
      value: 4
      objectReference: {fileID: 0}
    - target: {fileID: 5142717569851275827, guid: 435de5921b3ab3c43bfc979f4d1024d1,
        type: 3}
      propertyPath: m_LocalEulerAnglesHint.x
      value: 0
      objectReference: {fileID: 0}
    - target: {fileID: 5142717569851275827, guid: 435de5921b3ab3c43bfc979f4d1024d1,
        type: 3}
      propertyPath: m_LocalEulerAnglesHint.y
      value: 0
      objectReference: {fileID: 0}
    - target: {fileID: 5142717569851275827, guid: 435de5921b3ab3c43bfc979f4d1024d1,
        type: 3}
      propertyPath: m_LocalEulerAnglesHint.z
      value: 0
      objectReference: {fileID: 0}
    - target: {fileID: 5142717569851275831, guid: 435de5921b3ab3c43bfc979f4d1024d1,
        type: 3}
      propertyPath: m_Name
      value: PlaneWithSpawn (8)
      objectReference: {fileID: 0}
    m_RemovedComponents: []
  m_SourcePrefab: {fileID: 100100000, guid: 435de5921b3ab3c43bfc979f4d1024d1, type: 3}
--- !u!4 &2169429482064218517 stripped
Transform:
  m_CorrespondingSourceObject: {fileID: 5142717569851275827, guid: 435de5921b3ab3c43bfc979f4d1024d1,
    type: 3}
  m_PrefabInstance: {fileID: 6432766442371265446}
  m_PrefabAsset: {fileID: 0}
--- !u!1001 &6512370171293016617
PrefabInstance:
  m_ObjectHideFlags: 0
  serializedVersion: 2
  m_Modification:
    m_TransformParent: {fileID: 417802175963057143}
    m_Modifications:
    - target: {fileID: 5412034048773273288, guid: caef01d5e52049b4bb8dc7e06ecbf336,
        type: 3}
      propertyPath: m_LocalPosition.x
      value: 10.2
      objectReference: {fileID: 0}
    - target: {fileID: 5412034048773273288, guid: caef01d5e52049b4bb8dc7e06ecbf336,
        type: 3}
      propertyPath: m_LocalPosition.y
      value: -2.824151
      objectReference: {fileID: 0}
    - target: {fileID: 5412034048773273288, guid: caef01d5e52049b4bb8dc7e06ecbf336,
        type: 3}
      propertyPath: m_LocalPosition.z
      value: 12.1
      objectReference: {fileID: 0}
    - target: {fileID: 5412034048773273288, guid: caef01d5e52049b4bb8dc7e06ecbf336,
        type: 3}
      propertyPath: m_LocalRotation.x
      value: -0
      objectReference: {fileID: 0}
    - target: {fileID: 5412034048773273288, guid: caef01d5e52049b4bb8dc7e06ecbf336,
        type: 3}
      propertyPath: m_LocalRotation.y
      value: -0
      objectReference: {fileID: 0}
    - target: {fileID: 5412034048773273288, guid: caef01d5e52049b4bb8dc7e06ecbf336,
        type: 3}
      propertyPath: m_LocalRotation.z
      value: -0
      objectReference: {fileID: 0}
    - target: {fileID: 5412034048773273288, guid: caef01d5e52049b4bb8dc7e06ecbf336,
        type: 3}
      propertyPath: m_LocalRotation.w
      value: 1
      objectReference: {fileID: 0}
    - target: {fileID: 5412034048773273288, guid: caef01d5e52049b4bb8dc7e06ecbf336,
        type: 3}
      propertyPath: m_RootOrder
      value: 0
      objectReference: {fileID: 0}
    - target: {fileID: 5412034048773273288, guid: caef01d5e52049b4bb8dc7e06ecbf336,
        type: 3}
      propertyPath: m_LocalEulerAnglesHint.x
      value: 0
      objectReference: {fileID: 0}
    - target: {fileID: 5412034048773273288, guid: caef01d5e52049b4bb8dc7e06ecbf336,
        type: 3}
      propertyPath: m_LocalEulerAnglesHint.y
      value: 0
      objectReference: {fileID: 0}
    - target: {fileID: 5412034048773273288, guid: caef01d5e52049b4bb8dc7e06ecbf336,
        type: 3}
      propertyPath: m_LocalEulerAnglesHint.z
      value: 0
      objectReference: {fileID: 0}
    - target: {fileID: 5412034048773273288, guid: caef01d5e52049b4bb8dc7e06ecbf336,
        type: 3}
      propertyPath: m_LocalScale.z
      value: 75
      objectReference: {fileID: 0}
    - target: {fileID: 5412034048773273288, guid: caef01d5e52049b4bb8dc7e06ecbf336,
        type: 3}
      propertyPath: m_LocalScale.x
      value: 75
      objectReference: {fileID: 0}
    - target: {fileID: 6312371041312316687, guid: caef01d5e52049b4bb8dc7e06ecbf336,
        type: 3}
      propertyPath: m_Name
      value: FallLimit
      objectReference: {fileID: 0}
    m_RemovedComponents: []
  m_SourcePrefab: {fileID: 100100000, guid: caef01d5e52049b4bb8dc7e06ecbf336, type: 3}
--- !u!4 &1259880216511517921 stripped
Transform:
  m_CorrespondingSourceObject: {fileID: 5412034048773273288, guid: caef01d5e52049b4bb8dc7e06ecbf336,
    type: 3}
  m_PrefabInstance: {fileID: 6512370171293016617}
  m_PrefabAsset: {fileID: 0}
--- !u!1001 &6740065300096972858
PrefabInstance:
  m_ObjectHideFlags: 0
  serializedVersion: 2
  m_Modification:
    m_TransformParent: {fileID: 796967960154105568}
    m_Modifications:
    - target: {fileID: 624247825874133929, guid: fd6fe0f92adada043813c5e65264a10a,
        type: 3}
      propertyPath: m_Name
      value: WalkawayLarge (6)
      objectReference: {fileID: 0}
    - target: {fileID: 624247825874133933, guid: fd6fe0f92adada043813c5e65264a10a,
        type: 3}
      propertyPath: m_LocalPosition.x
      value: 5.96
      objectReference: {fileID: 0}
    - target: {fileID: 624247825874133933, guid: fd6fe0f92adada043813c5e65264a10a,
        type: 3}
      propertyPath: m_LocalPosition.y
      value: 0
      objectReference: {fileID: 0}
    - target: {fileID: 624247825874133933, guid: fd6fe0f92adada043813c5e65264a10a,
        type: 3}
      propertyPath: m_LocalPosition.z
      value: 12.369999
      objectReference: {fileID: 0}
    - target: {fileID: 624247825874133933, guid: fd6fe0f92adada043813c5e65264a10a,
        type: 3}
      propertyPath: m_LocalRotation.x
      value: 0
      objectReference: {fileID: 0}
    - target: {fileID: 624247825874133933, guid: fd6fe0f92adada043813c5e65264a10a,
        type: 3}
      propertyPath: m_LocalRotation.y
      value: 0
      objectReference: {fileID: 0}
    - target: {fileID: 624247825874133933, guid: fd6fe0f92adada043813c5e65264a10a,
        type: 3}
      propertyPath: m_LocalRotation.z
      value: 0
      objectReference: {fileID: 0}
    - target: {fileID: 624247825874133933, guid: fd6fe0f92adada043813c5e65264a10a,
        type: 3}
      propertyPath: m_LocalRotation.w
      value: 1
      objectReference: {fileID: 0}
    - target: {fileID: 624247825874133933, guid: fd6fe0f92adada043813c5e65264a10a,
        type: 3}
      propertyPath: m_RootOrder
      value: 5
      objectReference: {fileID: 0}
    - target: {fileID: 624247825874133933, guid: fd6fe0f92adada043813c5e65264a10a,
        type: 3}
      propertyPath: m_LocalEulerAnglesHint.x
      value: 0
      objectReference: {fileID: 0}
    - target: {fileID: 624247825874133933, guid: fd6fe0f92adada043813c5e65264a10a,
        type: 3}
      propertyPath: m_LocalEulerAnglesHint.y
      value: 0
      objectReference: {fileID: 0}
    - target: {fileID: 624247825874133933, guid: fd6fe0f92adada043813c5e65264a10a,
        type: 3}
      propertyPath: m_LocalEulerAnglesHint.z
      value: 0
      objectReference: {fileID: 0}
    - target: {fileID: 624247825874133933, guid: fd6fe0f92adada043813c5e65264a10a,
        type: 3}
      propertyPath: m_LocalScale.x
      value: 0.20000003
      objectReference: {fileID: 0}
    m_RemovedComponents: []
  m_SourcePrefab: {fileID: 100100000, guid: fd6fe0f92adada043813c5e65264a10a, type: 3}
--- !u!4 &6133977154565626775 stripped
Transform:
  m_CorrespondingSourceObject: {fileID: 624247825874133933, guid: fd6fe0f92adada043813c5e65264a10a,
    type: 3}
  m_PrefabInstance: {fileID: 6740065300096972858}
  m_PrefabAsset: {fileID: 0}
--- !u!1001 &6925263629816029800
PrefabInstance:
  m_ObjectHideFlags: 0
  serializedVersion: 2
  m_Modification:
    m_TransformParent: {fileID: 796967960154105568}
    m_Modifications:
    - target: {fileID: 624247825874133929, guid: fd6fe0f92adada043813c5e65264a10a,
        type: 3}
      propertyPath: m_Name
      value: WalkawayLarge (5)
      objectReference: {fileID: 0}
    - target: {fileID: 624247825874133933, guid: fd6fe0f92adada043813c5e65264a10a,
        type: 3}
      propertyPath: m_LocalPosition.x
      value: 17.85
      objectReference: {fileID: 0}
    - target: {fileID: 624247825874133933, guid: fd6fe0f92adada043813c5e65264a10a,
        type: 3}
      propertyPath: m_LocalPosition.y
      value: 0
      objectReference: {fileID: 0}
    - target: {fileID: 624247825874133933, guid: fd6fe0f92adada043813c5e65264a10a,
        type: 3}
      propertyPath: m_LocalPosition.z
      value: -1.5600001
      objectReference: {fileID: 0}
    - target: {fileID: 624247825874133933, guid: fd6fe0f92adada043813c5e65264a10a,
        type: 3}
      propertyPath: m_LocalRotation.x
      value: 0
      objectReference: {fileID: 0}
    - target: {fileID: 624247825874133933, guid: fd6fe0f92adada043813c5e65264a10a,
        type: 3}
      propertyPath: m_LocalRotation.y
      value: 0
      objectReference: {fileID: 0}
    - target: {fileID: 624247825874133933, guid: fd6fe0f92adada043813c5e65264a10a,
        type: 3}
      propertyPath: m_LocalRotation.z
      value: 0
      objectReference: {fileID: 0}
    - target: {fileID: 624247825874133933, guid: fd6fe0f92adada043813c5e65264a10a,
        type: 3}
      propertyPath: m_LocalRotation.w
      value: 1
      objectReference: {fileID: 0}
    - target: {fileID: 624247825874133933, guid: fd6fe0f92adada043813c5e65264a10a,
        type: 3}
      propertyPath: m_RootOrder
      value: 4
      objectReference: {fileID: 0}
    - target: {fileID: 624247825874133933, guid: fd6fe0f92adada043813c5e65264a10a,
        type: 3}
      propertyPath: m_LocalEulerAnglesHint.x
      value: 0
      objectReference: {fileID: 0}
    - target: {fileID: 624247825874133933, guid: fd6fe0f92adada043813c5e65264a10a,
        type: 3}
      propertyPath: m_LocalEulerAnglesHint.y
      value: 0
      objectReference: {fileID: 0}
    - target: {fileID: 624247825874133933, guid: fd6fe0f92adada043813c5e65264a10a,
        type: 3}
      propertyPath: m_LocalEulerAnglesHint.z
      value: 0
      objectReference: {fileID: 0}
    - target: {fileID: 624247825874133933, guid: fd6fe0f92adada043813c5e65264a10a,
        type: 3}
      propertyPath: m_LocalScale.x
      value: 0.20000003
      objectReference: {fileID: 0}
    m_RemovedComponents: []
  m_SourcePrefab: {fileID: 100100000, guid: fd6fe0f92adada043813c5e65264a10a, type: 3}
--- !u!4 &7544299598740996549 stripped
Transform:
  m_CorrespondingSourceObject: {fileID: 624247825874133933, guid: fd6fe0f92adada043813c5e65264a10a,
    type: 3}
  m_PrefabInstance: {fileID: 6925263629816029800}
  m_PrefabAsset: {fileID: 0}
--- !u!1001 &7462132507018090611
PrefabInstance:
  m_ObjectHideFlags: 0
  serializedVersion: 2
  m_Modification:
    m_TransformParent: {fileID: 796967960154105568}
    m_Modifications:
    - target: {fileID: 624247825874133929, guid: fd6fe0f92adada043813c5e65264a10a,
        type: 3}
      propertyPath: m_Name
      value: WalkawayLarge (1)
      objectReference: {fileID: 0}
    - target: {fileID: 624247825874133933, guid: fd6fe0f92adada043813c5e65264a10a,
        type: 3}
      propertyPath: m_LocalPosition.x
      value: -0.32
      objectReference: {fileID: 0}
    - target: {fileID: 624247825874133933, guid: fd6fe0f92adada043813c5e65264a10a,
        type: 3}
      propertyPath: m_LocalPosition.y
      value: 0
      objectReference: {fileID: 0}
    - target: {fileID: 624247825874133933, guid: fd6fe0f92adada043813c5e65264a10a,
        type: 3}
      propertyPath: m_LocalPosition.z
      value: 6.04
      objectReference: {fileID: 0}
    - target: {fileID: 624247825874133933, guid: fd6fe0f92adada043813c5e65264a10a,
        type: 3}
      propertyPath: m_LocalRotation.x
      value: -0
      objectReference: {fileID: 0}
    - target: {fileID: 624247825874133933, guid: fd6fe0f92adada043813c5e65264a10a,
        type: 3}
      propertyPath: m_LocalRotation.y
      value: 0.7071068
      objectReference: {fileID: 0}
    - target: {fileID: 624247825874133933, guid: fd6fe0f92adada043813c5e65264a10a,
        type: 3}
      propertyPath: m_LocalRotation.z
      value: -0
      objectReference: {fileID: 0}
    - target: {fileID: 624247825874133933, guid: fd6fe0f92adada043813c5e65264a10a,
        type: 3}
      propertyPath: m_LocalRotation.w
      value: 0.7071068
      objectReference: {fileID: 0}
    - target: {fileID: 624247825874133933, guid: fd6fe0f92adada043813c5e65264a10a,
        type: 3}
      propertyPath: m_RootOrder
      value: 1
      objectReference: {fileID: 0}
    - target: {fileID: 624247825874133933, guid: fd6fe0f92adada043813c5e65264a10a,
        type: 3}
      propertyPath: m_LocalEulerAnglesHint.x
      value: 0
      objectReference: {fileID: 0}
    - target: {fileID: 624247825874133933, guid: fd6fe0f92adada043813c5e65264a10a,
        type: 3}
      propertyPath: m_LocalEulerAnglesHint.y
      value: 90
      objectReference: {fileID: 0}
    - target: {fileID: 624247825874133933, guid: fd6fe0f92adada043813c5e65264a10a,
        type: 3}
      propertyPath: m_LocalEulerAnglesHint.z
      value: 0
      objectReference: {fileID: 0}
    - target: {fileID: 624247825874133933, guid: fd6fe0f92adada043813c5e65264a10a,
        type: 3}
      propertyPath: m_LocalScale.x
      value: 0.20000003
      objectReference: {fileID: 0}
    m_RemovedComponents: []
  m_SourcePrefab: {fileID: 100100000, guid: fd6fe0f92adada043813c5e65264a10a, type: 3}
--- !u!4 &8009396772109351902 stripped
Transform:
  m_CorrespondingSourceObject: {fileID: 624247825874133933, guid: fd6fe0f92adada043813c5e65264a10a,
    type: 3}
  m_PrefabInstance: {fileID: 7462132507018090611}
  m_PrefabAsset: {fileID: 0}
--- !u!1001 &7526303478710628736
PrefabInstance:
  m_ObjectHideFlags: 0
  serializedVersion: 2
  m_Modification:
    m_TransformParent: {fileID: 796967960154105568}
    m_Modifications:
    - target: {fileID: 624247825874133929, guid: fd6fe0f92adada043813c5e65264a10a,
        type: 3}
      propertyPath: m_Name
      value: WalkawayLarge (9)
      objectReference: {fileID: 0}
    - target: {fileID: 624247825874133933, guid: fd6fe0f92adada043813c5e65264a10a,
        type: 3}
      propertyPath: m_LocalPosition.x
      value: 17.85
      objectReference: {fileID: 0}
    - target: {fileID: 624247825874133933, guid: fd6fe0f92adada043813c5e65264a10a,
        type: 3}
      propertyPath: m_LocalPosition.y
      value: 0
      objectReference: {fileID: 0}
    - target: {fileID: 624247825874133933, guid: fd6fe0f92adada043813c5e65264a10a,
        type: 3}
      propertyPath: m_LocalPosition.z
      value: 25.880001
      objectReference: {fileID: 0}
    - target: {fileID: 624247825874133933, guid: fd6fe0f92adada043813c5e65264a10a,
        type: 3}
      propertyPath: m_LocalRotation.x
      value: 0
      objectReference: {fileID: 0}
    - target: {fileID: 624247825874133933, guid: fd6fe0f92adada043813c5e65264a10a,
        type: 3}
      propertyPath: m_LocalRotation.y
      value: 0
      objectReference: {fileID: 0}
    - target: {fileID: 624247825874133933, guid: fd6fe0f92adada043813c5e65264a10a,
        type: 3}
      propertyPath: m_LocalRotation.z
      value: 0
      objectReference: {fileID: 0}
    - target: {fileID: 624247825874133933, guid: fd6fe0f92adada043813c5e65264a10a,
        type: 3}
      propertyPath: m_LocalRotation.w
      value: 1
      objectReference: {fileID: 0}
    - target: {fileID: 624247825874133933, guid: fd6fe0f92adada043813c5e65264a10a,
        type: 3}
      propertyPath: m_RootOrder
      value: 8
      objectReference: {fileID: 0}
    - target: {fileID: 624247825874133933, guid: fd6fe0f92adada043813c5e65264a10a,
        type: 3}
      propertyPath: m_LocalEulerAnglesHint.x
      value: 0
      objectReference: {fileID: 0}
    - target: {fileID: 624247825874133933, guid: fd6fe0f92adada043813c5e65264a10a,
        type: 3}
      propertyPath: m_LocalEulerAnglesHint.y
      value: 0
      objectReference: {fileID: 0}
    - target: {fileID: 624247825874133933, guid: fd6fe0f92adada043813c5e65264a10a,
        type: 3}
      propertyPath: m_LocalEulerAnglesHint.z
      value: 0
      objectReference: {fileID: 0}
    - target: {fileID: 624247825874133933, guid: fd6fe0f92adada043813c5e65264a10a,
        type: 3}
      propertyPath: m_LocalScale.x
      value: 0.20000003
      objectReference: {fileID: 0}
    m_RemovedComponents: []
  m_SourcePrefab: {fileID: 100100000, guid: fd6fe0f92adada043813c5e65264a10a, type: 3}
--- !u!4 &6979184366871958061 stripped
Transform:
  m_CorrespondingSourceObject: {fileID: 624247825874133933, guid: fd6fe0f92adada043813c5e65264a10a,
    type: 3}
  m_PrefabInstance: {fileID: 7526303478710628736}
  m_PrefabAsset: {fileID: 0}
--- !u!1001 &8081825825018043868
PrefabInstance:
  m_ObjectHideFlags: 0
  serializedVersion: 2
  m_Modification:
    m_TransformParent: {fileID: 3487536264905381577}
    m_Modifications:
    - target: {fileID: 5142717569851275827, guid: 435de5921b3ab3c43bfc979f4d1024d1,
        type: 3}
      propertyPath: m_LocalPosition.x
      value: 0
      objectReference: {fileID: 0}
    - target: {fileID: 5142717569851275827, guid: 435de5921b3ab3c43bfc979f4d1024d1,
        type: 3}
      propertyPath: m_LocalPosition.y
      value: 0
      objectReference: {fileID: 0}
    - target: {fileID: 5142717569851275827, guid: 435de5921b3ab3c43bfc979f4d1024d1,
        type: 3}
      propertyPath: m_LocalPosition.z
      value: 23.73
      objectReference: {fileID: 0}
    - target: {fileID: 5142717569851275827, guid: 435de5921b3ab3c43bfc979f4d1024d1,
        type: 3}
      propertyPath: m_LocalRotation.x
      value: -0
      objectReference: {fileID: 0}
    - target: {fileID: 5142717569851275827, guid: 435de5921b3ab3c43bfc979f4d1024d1,
        type: 3}
      propertyPath: m_LocalRotation.y
      value: -0
      objectReference: {fileID: 0}
    - target: {fileID: 5142717569851275827, guid: 435de5921b3ab3c43bfc979f4d1024d1,
        type: 3}
      propertyPath: m_LocalRotation.z
      value: -0
      objectReference: {fileID: 0}
    - target: {fileID: 5142717569851275827, guid: 435de5921b3ab3c43bfc979f4d1024d1,
        type: 3}
      propertyPath: m_LocalRotation.w
      value: 1
      objectReference: {fileID: 0}
    - target: {fileID: 5142717569851275827, guid: 435de5921b3ab3c43bfc979f4d1024d1,
        type: 3}
      propertyPath: m_RootOrder
      value: 0
      objectReference: {fileID: 0}
    - target: {fileID: 5142717569851275827, guid: 435de5921b3ab3c43bfc979f4d1024d1,
        type: 3}
      propertyPath: m_LocalEulerAnglesHint.x
      value: 0
      objectReference: {fileID: 0}
    - target: {fileID: 5142717569851275827, guid: 435de5921b3ab3c43bfc979f4d1024d1,
        type: 3}
      propertyPath: m_LocalEulerAnglesHint.y
      value: 0
      objectReference: {fileID: 0}
    - target: {fileID: 5142717569851275827, guid: 435de5921b3ab3c43bfc979f4d1024d1,
        type: 3}
      propertyPath: m_LocalEulerAnglesHint.z
      value: 0
      objectReference: {fileID: 0}
    - target: {fileID: 5142717569851275831, guid: 435de5921b3ab3c43bfc979f4d1024d1,
        type: 3}
      propertyPath: m_Name
      value: PlaneWithSpawn (2)
      objectReference: {fileID: 0}
    m_RemovedComponents: []
  m_SourcePrefab: {fileID: 100100000, guid: 435de5921b3ab3c43bfc979f4d1024d1, type: 3}
--- !u!4 &3996649610807502831 stripped
Transform:
  m_CorrespondingSourceObject: {fileID: 5142717569851275827, guid: 435de5921b3ab3c43bfc979f4d1024d1,
    type: 3}
  m_PrefabInstance: {fileID: 8081825825018043868}
  m_PrefabAsset: {fileID: 0}
--- !u!1001 &8278030770601856453
PrefabInstance:
  m_ObjectHideFlags: 0
  serializedVersion: 2
  m_Modification:
    m_TransformParent: {fileID: 796967960154105568}
    m_Modifications:
    - target: {fileID: 624247825874133929, guid: fd6fe0f92adada043813c5e65264a10a,
        type: 3}
      propertyPath: m_Name
      value: WalkawayLarge
      objectReference: {fileID: 0}
    - target: {fileID: 624247825874133933, guid: fd6fe0f92adada043813c5e65264a10a,
        type: 3}
      propertyPath: m_LocalPosition.x
      value: 0
      objectReference: {fileID: 0}
    - target: {fileID: 624247825874133933, guid: fd6fe0f92adada043813c5e65264a10a,
        type: 3}
      propertyPath: m_LocalPosition.y
      value: 0
      objectReference: {fileID: 0}
    - target: {fileID: 624247825874133933, guid: fd6fe0f92adada043813c5e65264a10a,
        type: 3}
      propertyPath: m_LocalPosition.z
      value: -5.89
      objectReference: {fileID: 0}
    - target: {fileID: 624247825874133933, guid: fd6fe0f92adada043813c5e65264a10a,
        type: 3}
      propertyPath: m_LocalRotation.x
      value: -0
      objectReference: {fileID: 0}
    - target: {fileID: 624247825874133933, guid: fd6fe0f92adada043813c5e65264a10a,
        type: 3}
      propertyPath: m_LocalRotation.y
      value: 0.7071068
      objectReference: {fileID: 0}
    - target: {fileID: 624247825874133933, guid: fd6fe0f92adada043813c5e65264a10a,
        type: 3}
      propertyPath: m_LocalRotation.z
      value: -0
      objectReference: {fileID: 0}
    - target: {fileID: 624247825874133933, guid: fd6fe0f92adada043813c5e65264a10a,
        type: 3}
      propertyPath: m_LocalRotation.w
      value: 0.7071068
      objectReference: {fileID: 0}
    - target: {fileID: 624247825874133933, guid: fd6fe0f92adada043813c5e65264a10a,
        type: 3}
      propertyPath: m_RootOrder
      value: 0
      objectReference: {fileID: 0}
    - target: {fileID: 624247825874133933, guid: fd6fe0f92adada043813c5e65264a10a,
        type: 3}
      propertyPath: m_LocalEulerAnglesHint.x
      value: 0
      objectReference: {fileID: 0}
    - target: {fileID: 624247825874133933, guid: fd6fe0f92adada043813c5e65264a10a,
        type: 3}
      propertyPath: m_LocalEulerAnglesHint.y
      value: 90
      objectReference: {fileID: 0}
    - target: {fileID: 624247825874133933, guid: fd6fe0f92adada043813c5e65264a10a,
        type: 3}
      propertyPath: m_LocalEulerAnglesHint.z
      value: 0
      objectReference: {fileID: 0}
    - target: {fileID: 624247825874133933, guid: fd6fe0f92adada043813c5e65264a10a,
        type: 3}
      propertyPath: m_LocalScale.x
      value: 0.20000003
      objectReference: {fileID: 0}
    m_RemovedComponents: []
  m_SourcePrefab: {fileID: 100100000, guid: fd6fe0f92adada043813c5e65264a10a, type: 3}
--- !u!4 &8811502916452200040 stripped
Transform:
  m_CorrespondingSourceObject: {fileID: 624247825874133933, guid: fd6fe0f92adada043813c5e65264a10a,
    type: 3}
  m_PrefabInstance: {fileID: 8278030770601856453}
  m_PrefabAsset: {fileID: 0}
